1768 2739
631 129 674 167 C.
709 129 823 166 IVLI
856 128 1124 166 CAESARIS

181 252 196 284 7
217 240 528 279 continebantur.
574 239 802 277 Accedebat
822 246 874 285 ut,
906 252 995 276 cum
1024 237 1168 276 saevire
1189 245 1327 276 ventus
1351 237 1543 288 coepisset

216 313 254 343 et
293 319 333 343 se
368 313 486 343 vento
520 303 731 351 dedissent,
764 312 801 342 et
840 311 1111 353 tempestatem
1151 304 1292 341 ferrent
1326 302 1474 341 facilius
1505 310 1543 341 et

217 369 255 407 in
285 369 393 408 vadis
423 368 680 407 consisterent
711 367 829 406 tutius
859 375 897 406 et
926 368 975 406 ab
1006 376 1114 406 aestu
1145 367 1299 405 relictae
1329 366 1423 405 nihil
1454 380 1543 405 saxa

216 442 254 473 et
275 442 407 473 cautes
433 434 636 482 timerent,
666 446 830 483 quarum
858 446 984 471 rerum
1010 432 1186 471 omnium
1212 431 1351 470 nostris
1379 431 1542 470 navibus

217 513 328 538 casus
350 508 430 538 erat
450 499 774 538 extimescendus.

154 572 197 609 14
272 564 551 614 Compluribus
591 562 819 613 expugnatis
858 562 1013 613 oppidis
1053 563 1206 609 Caesar,
1245 561 1310 600 ubi
1356 560 1543 600 intellexit

217 629 355 667 frustra
386 636 538 667 tantum
568 628 741 666 laborem
771 626 872 665 sumi
901 640 1030 676 neque
1060 626 1230 665 hostium
1261 628 1390 677 fugam
1420 625 1543 676 captis

216 693 372 744 oppidis
402 692 557 742 reprimi
592 705 720 742 neque
754 691 808 730 eis
840 691 971 730 noceri
1001 704 1127 741 posse,
1160 690 1291 729 statuit
1321 698 1543 741 exspectan-

180 772 193 793 2
216 759 308 796 dam
329 759 503 796 classem.
564 758 677 805 Quae
707 756 774 795 ubi
804 755 987 795 convenit
1016 769 1061 794 ac
1091 755 1258 806 primum
1289 756 1338 794 ab
1365 755 1542 794 hostibus

216 822 296 860 visa
339 830 408 868 est,
451 821 600 860 circiter
644 833 754 860 ccxx
802 835 920 860 naves
959 834 1093 859 eorum
1128 820 1392 870 paratissimae
1426 828 1543 870 atque

216 886 325 925 omni
363 900 505 937 genere
548 900 745 925 armorum
793 885 1060 924 ornatissimae
1106 887 1301 935 profectae
1345 899 1390 923 ex
1430 892 1543 934 portu

180 964 196 994 3
216 951 356 990 nostris
385 953 570 990 adversae
597 950 877 998 constiterunt,
911 964 1040 1001 neque
1067 950 1158 988 satis
1184 953 1314 997 Bruto,
1339 950 1405 1000 qui
1433 949 1543 988 classi

217 1024 400 1066 praeerat,
441 1018 501 1055 vel
550 1016 713 1054 tribunis
762 1016 927 1054 militum
977 1015 1360 1065 centurionibusque,
1402 1015 1544 1064 quibus

216 1081 390 1132 singulae
428 1095 546 1120 naves
591 1089 699 1120 erant
743 1080 962 1127 attributae,
1003 1081 1209 1119 constabat
1253 1080 1349 1130 quid
1387 1087 1544 1131 agerent

176 1160 195 1190 4
215 1153 282 1184 aut
303 1159 420 1195 quam
443 1145 632 1184 rationem
654 1159 808 1196 pugnae
828 1145 1058 1184 insisterent.
1120 1147 1263 1184 Rostro
1284 1145 1388 1183 enim
1412 1143 1544 1183 noceri

216 1223 295 1248 non
335 1224 450 1260 posse
484 1218 771 1261 cognoverant,
820 1210 986 1248 turribus
1024 1218 1155 1248 autem
1191 1210 1376 1257 excitatis,
1413 1218 1544 1248 tamen

216 1276 285 1313 has
323 1274 490 1313 altitudo
524 1274 716 1325 puppium
755 1289 801 1313 ex
839 1274 1012 1313 barbaris
1051 1275 1214 1313 navibus
1249 1275 1465 1325 superabat,
1504 1282 1545 1311 ut

217 1353 345 1389 neque
384 1354 430 1377 ex
459 1339 638 1377 inferiore
668 1341 756 1377 loco
786 1339 876 1377 satis
906 1341 1117 1377 commode
1147 1341 1222 1377 tela
1251 1339 1353 1389 adigi
1385 1347 1544 1389 possent

179 1422 195 1452 5
217 1412 255 1442 et
289 1404 405 1442 missa
439 1404 488 1442 ab
524 1403 645 1442 Gallis
679 1403 830 1453 gravius
868 1403 1100 1442 acciderent.
1162 1406 1253 1443 Una
1287 1412 1366 1442 erat
1402 1417 1545 1454 magno

217 1468 303 1506 usui
342 1482 400 1506 res
439 1476 665 1518 praeparata
703 1482 725 1505 a
764 1467 914 1514 nostris,
953 1470 1069 1506 falces
1114 1477 1344 1518 praeacutae
1379 1468 1544 1507 insertae
1567 1481 1580 1502 2

216 1534 446 1582 adfixaeque
474 1532 669 1583 longuriis,
697 1546 776 1571 non
803 1532 971 1571 absimili
992 1534 1115 1571 forma
1141 1534 1345 1571 muralium
1374 1533 1541 1572 falcium.

179 1602 198 1631 6
219 1597 295 1636 His
327 1611 417 1636 cum
448 1599 559 1636 funes
591 1598 657 1647 qui
686 1606 891 1636 antemnas
925 1599 976 1636 ad
1010 1599 1133 1636 malos
1163 1598 1413 1637 destinabant
1443 1611 1546 1636 com-

217 1663 398 1712 prehensi
437 1662 678 1712 adductique
726 1670 843 1709 erant,
886 1662 1040 1713 navigio
1079 1663 1194 1701 remis
1242 1663 1403 1702 incitato
1441 1676 1548 1713 prae-

183 1728 507 1778 7rumpebantur.
579 1728 735 1776 Quibus
766 1727 927 1766 abscisis
961 1736 1170 1767 antemnae
1204 1728 1422 1767 necessario
1456 1741 1547 1766 con-

218 1792 412 1839 cidebant,
453 1801 504 1839 ut,
546 1806 637 1831 cum
675 1792 803 1831 omnis
843 1793 1002 1832 Gallicis
1040 1793 1205 1832 navibus
1247 1807 1335 1844 spes
1373 1793 1413 1831 in
1451 1792 1545 1832 velis

218 1857 547 1908 armamentisque
577 1857 816 1905 consisteret,
845 1857 905 1896 his
935 1858 1085 1908 ereptis,
1116 1858 1244 1897 omnis
1270 1872 1362 1897 usus
1387 1857 1544 1897 navium

182 1929 199 1959 8
220 1935 299 1961 uno
326 1930 501 1973 tempore
528 1923 747 1973 eriperetur.
810 1923 1023 1973 Reliquum
1048 1932 1128 1962 erat
1152 1932 1349 1963 certamen
1374 1923 1546 1974 positum

219 1986 259 2024 in
292 1986 441 2034 virtute,
479 2001 557 2037 qua
587 1987 708 2026 nostri
743 1987 883 2026 milites
919 1988 1030 2026 facile
1064 1989 1310 2039 superabant,
1347 1996 1465 2038 atque
1499 2001 1547 2026 eo

220 2051 342 2101 magis
374 2053 482 2102 quod
513 2052 552 2090 in
587 2061 803 2103 conspectu
840 2053 1016 2092 Caesaris
1051 2061 1168 2103 atque
1198 2053 1326 2092 omnis
1357 2052 1545 2092 exercitus

221 2129 280 2154 res
300 2117 513 2166 gerebatur,
538 2126 579 2155 ut
600 2119 750 2156 nullum
775 2119 892 2168 paulo
920 2118 1054 2156 fortius
1079 2120 1225 2157 factum
1249 2120 1368 2157 latere
1391 2125 1545 2168 posset:

184 2192 202 2222 9
222 2193 358 2219 omnes
386 2182 490 2220 enirn
518 2184 636 2221 colles
660 2197 706 2221 ac
732 2185 819 2221 loca
845 2183 1041 2232 superiora
1070 2184 1174 2222 unde
1198 2191 1278 2222 erat
1305 2182 1547 2233 propinquus

222 2245 430 2294 despectus
452 2246 489 2284 in
512 2261 617 2286 mare
637 2248 686 2286 ab
708 2247 877 2286 exercitu
899 2248 1140 2286 tenebantur.

267 2358 284 2377 ς.)
310 2354 343 2378 et
374 2360 409 2379 se
442 2355 543 2380 vento
568 2350 626 2380 T·':
654 2356 754 2381 vento
788 2363 807 2380 α
939 2361 978 2382 10
1002 2351 1166 2381 ducentas
1183 2360 1228 2380 xx
1245 2361 1264 2379 a
1395 2350 1432 2379 18
1456 2349 1546 2388 adigi

224 2390 382 2431 illacltv'g:
408 2394 492 2424 adici
511 2393 546 2423 X
677 2405 716 2424 22
742 2394 956 2425 destinabant
994 2394 1037 2424 T:
1088 2394 1294 2425 distinebant
1311 2391 1433 2423 AE'L·

1566 832 1604 854 10

1568 1157 1602 1188 15

1567 2128 1606 2158 30
