1768 2739
451 136 525 174 DE
557 135 735 173 BELLO
767 134 1011 173 GALLICO
1043 135 1145 172 LIB.
1178 135 1235 171 VI

184 247 358 287 tionibus
392 246 603 286 consistere
634 246 804 284 audeant
840 244 1091 294 speciemque
1121 245 1371 283 defensorum
1402 257 1506 293 prae—

184 313 312 352 beant.

239 376 411 424 Interim,
443 377 621 415 confecta
649 374 962 422 frumentatione,
987 374 1127 413 milites
1148 374 1269 413 nostri
1294 376 1503 412 clamorem
1524 383 1579 422 39

184 441 419 482 exaudiunt:
448 447 701 492 praecurrunt
732 439 892 490 equites,
925 446 1074 489 quanto
1101 452 1160 477 res
1188 438 1236 476 sit
1263 438 1302 476 in
1332 438 1506 488 periculo

144 521 162 553 5
184 513 436 557 cognoscunt.
497 505 577 544 Hic
609 518 700 544 vero
729 506 836 543 nulla
865 504 1033 543 munitio
1067 510 1125 542 est
1155 516 1255 553 quae
1285 503 1506 552 perterritos
1529 514 1543 535 2

183 570 367 620 recipiat:
397 570 518 609 modo
547 569 758 619 conscripti
786 576 905 619 atque
934 582 1028 607 usus
1052 567 1227 605 militaris
1254 566 1432 616 imperiti,
1455 569 1506 605 ad

183 635 383 673 tribunum
404 634 571 673 militum
592 634 922 684 centurionesque
950 647 1017 672 ora
1043 639 1303 679 convertunt3
1333 631 1428 681 quid
1457 632 1507 669 ab

183 699 242 737 his
262 698 519 749 praecipiatur
545 706 780 748 exspectant.
841 699 972 736 Nemo
1001 704 1059 736 est
1085 705 1165 735 tam
1194 695 1302 734 fortis
1330 695 1424 745 quin
1455 695 1507 733 rei
1530 708 1546 737 3

182 763 354 803 novitate
385 763 639 814 perturbetur.
700 762 860 801 Barbari
894 762 1003 812 signa
1031 763 1167 812 procul
1197 759 1413 810 conspicati
1443 772 1508 809 op·
1526 773 1546 802 4

127 842 166 864 10
183 826 422 878 pugnatione
445 825 638 866 desistunt
651 839 662 873 3
690 825 836 864 redisse
862 824 989 875 primo
1012 824 1186 875 legiones
1212 825 1386 873 credunt,
1411 836 1507 873 quas

183 892 335 942 longius
356 890 580 930 discessisse
601 904 647 929 ex
666 889 828 940 captivis
849 896 1136 939 cognoverant;
1165 895 1302 938 postea
1322 888 1508 937 despecta

183 956 379 1006 paucitate
399 969 445 994 ex
464 954 648 994 omnibus
668 954 842 1005 partibus
862 954 1053 1004 impetum
1073 952 1231 991 faciunt.

238 1022 407 1060 Calones
426 1020 466 1058 in
486 1019 706 1070 proximum
727 1020 922 1058 tumulum
942 1024 1184 1068 procurrunt.
1244 1016 1353 1054 Hinc
1378 1016 1507 1054 celeri·
1524 1018 1580 1055 40

184 1093 242 1123 ter
270 1085 411 1124 deiecti
445 1098 486 1123 se
516 1084 556 1122 in
591 1084 699 1134 signa
737 1083 1039 1133 manipulosque
1071 1081 1266 1120 coiciunt:
1306 1095 1354 1120 eo
1384 1081 1506 1131 magis

127 1163 164 1194 15
187 1149 349 1188 timidos
379 1155 592 1198 perterrent
623 1148 774 1186 milites,
845 1146 923 1185 Alii
950 1159 1078 1185 cuneo
1111 1147 1215 1184 facto
1252 1153 1295 1184 ut
1334 1145 1508 1183 celeriter
1531 1157 1544 1178 2

186 1221 439 1264 perrumpant
469 1220 640 1259 censent,
673 1211 860 1262 quoniam
899 1218 978 1248 tam
1013 1210 1234 1260 propinqua
1265 1209 1342 1247 sint
1371 1216 1505 1255 castra,

183 1285 232 1324 et,
257 1278 287 1315 si
316 1290 402 1327 pars
432 1277 562 1326 aliqua
591 1276 856 1314 circumventa
885 1274 1079 1321 ceciderit,
1102 1282 1141 1312 at
1170 1273 1340 1323 reliquos
1368 1273 1509 1312 servari

184 1355 299 1392 posse
328 1342 533 1380 confidunt
548 1356 558 1388 3
588 1340 666 1388 alii,
693 1349 735 1379 ut
764 1340 803 1378 in
831 1339 922 1389 iugo
946 1338 1162 1377 consistant
1188 1346 1307 1387 atque
1336 1338 1507 1376 eundem
1530 1346 1547 1376 3

185 1419 322 1445 omnes
361 1408 485 1444 ferant
518 1418 662 1443 casum.
729 1406 821 1442 Hoc
854 1411 1002 1442 veteres
1037 1416 1117 1441 non
1151 1402 1320 1452 probant
1354 1401 1505 1447 milites,
1527 1411 1546 1440 4

127 1485 166 1508 20
185 1484 284 1521 quos
314 1471 386 1509 sub
407 1470 547 1508 vexillo
571 1482 649 1508 una
675 1470 870 1519 profectos
897 1467 1115 1506 docuimus,
1177 1468 1316 1515 Itaque
1345 1466 1445 1504 inter
1469 1479 1509 1503 se

185 1535 377 1573 cohortati
406 1536 507 1573 duce
538 1535 581 1573 C.
614 1532 826 1580 Trebonio,
859 1531 989 1582 equite
1020 1533 1215 1578 Romano,
1248 1530 1315 1580 qui
1345 1530 1399 1568 eis
1429 1538 1509 1568 erat

186 1598 440 1649 praepositus,
478 1612 546 1648 per
576 1597 729 1636 medios
760 1596 882 1635 hostis
922 1602 1177 1646 perrumpunt
1210 1594 1509 1643 incolumesque

185 1665 236 1702 ad
280 1676 402 1702 unum
446 1675 583 1701 omnes
624 1662 663 1699 in
703 1668 827 1700 castra
867 1659 1107 1710 perveniunt.
1179 1661 1269 1697 Hos
1310 1658 1545 1701 subsecuti5

186 1729 343 1767 calones
365 1727 595 1777 equitesque
616 1728 757 1765 eodem
778 1726 927 1775 impetu
949 1724 1117 1763 militum
1136 1723 1277 1762 virtute
1297 1730 1506 1762 servantur.

128 1808 165 1840 25
188 1796 239 1831 At
271 1792 306 1831 ei
337 1792 403 1842 qui
435 1791 473 1829 in
506 1791 596 1841 iugo
628 1790 892 1837 constiterant,
926 1790 1035 1827 nullo
1067 1788 1184 1827 etiam
1216 1801 1322 1826 nunc
1350 1801 1424 1826 usu
1456 1787 1509 1825 rei
1529 1790 1548 1822 6

187 1856 360 1895 militaris
390 1863 584 1907 percepto,
608 1868 737 1905 neque
768 1854 807 1892 in
842 1867 890 1893 eo
928 1854 1035 1904 quod
1060 1853 1319 1903 probaverant
1345 1851 1510 1891 consilio

186 1934 424 1972 permanere,
457 1928 499 1959 ut
527 1933 569 1959 se
597 1921 686 1959 loco
725 1918 923 1969 superiore
961 1919 1227 1965 defenderent,
1262 1930 1392 1967 neque
1423 1930 1510 1955 eam

186 1999 304 2035 quam
343 1987 528 2035 prodesse
565 1985 650 2024 aliis
687 1984 765 2023 vim
804 1983 1121 2032 celeritatemque
1154 1982 1332 2021 viderant
1369 1981 1510 2020 imitari

187 2058 402 2101 potuerant,
436 2051 505 2088 sed
544 2063 585 2088 se
623 2049 663 2088 in
707 2056 831 2087 castra
875 2048 1045 2098 recipere
1083 2047 1213 2085 conati
1252 2046 1431 2096 iniquum
1469 2046 1510 2084 in

129 2130 169 2161 30
187 2117 318 2153 locum
351 2114 601 2153 demiserunt.
661 2113 931 2168 Centuriones,
956 2125 1123 2162 quorum
1151 2124 1231 2149 non
1260 2111 1356 2149 nulli
1383 2124 1430 2149 ex
1455 2111 1546 2158 in-7

188 2180 389 2218 serioribus
419 2179 622 2217 ordinibus
652 2178 886 2228 reliquarum
917 2177 1115 2227 legionum
1145 2175 1294 2214 virtutis
1324 2188 1440 2213 causa
1470 2176 1509 2213 in

187 2243 404 2294 superiores
444 2250 552 2281 erant
585 2242 741 2281 ordines
781 2241 895 2280 huius
927 2240 1090 2291 legionis
1122 2239 1299 2286 traducti,
1331 2253 1381 2277 ne
1418 2246 1510 2277 ante

188 2316 337 2357 partam
358 2306 410 2344 rei
432 2306 604 2344 militaris
631 2307 787 2344 laudem
815 2305 1036 2343 amitterent
1060 2303 1266 2342 fortissime
1290 2310 1508 2353 pugnantes

231 2413 251 2441 8
276 2416 341 2441 tam
359 2421 422 2440 om.
441 2422 460 2439 α
554 2421 564 2440 1
576 2421 587 2440 1
615 2410 766 2449 dispecta
783 2409 873 2440 Paul
960 2419 1001 2447 29
1026 2411 1205 2447 potuerant
1222 2419 1241 2437 α
1256 2418 1263 2438 τ
1289 2410 1471 2447 potuerunt
1487 2408 1509 2440 β
