1768 2739
433 168 507 204 DE
538 165 717 203 BELLO
748 163 994 201 GALLICO
1025 163 1126 199 LIB.
1160 162 1264 197 VIII

242 281 334 328 Quo
355 280 458 317 malo
485 275 673 328 perterriti
699 273 888 325 oppidani
914 287 1035 323 cupas
1064 273 1172 319 sebo,
1194 272 1290 322 pice,
1314 270 1511 310 scandulis
1531 278 1583 316 42

187 345 413 394 complentj
459 355 524 380 eas
563 339 734 379 ardentis
773 338 813 376 in
851 352 971 388 opera
1009 338 1243 387 provolvunt
1291 337 1512 386 eodemque

188 415 364 457 tempore
383 405 570 445 acerrime
596 403 844 454 proeliantur,
868 409 909 440 ut
939 402 989 439 ab
1020 400 1205 439 incendio
1234 400 1512 450 restinguendo

187 470 450 511 dimicationis
471 469 646 520 periculo
667 470 887 507 deterreant
909 468 1124 504 Romanos.
1187 466 1333 515 Magna
1354 472 1513 514 repente
1536 475 1550 497 2

151 552 168 583 5
187 535 227 574 in
256 535 348 586 ipsis
378 534 562 585 operibus
592 535 751 571 flamma
780 531 934 569 exstitit.
996 531 1284 579 Quaecumque
1309 529 1411 567 enim
1446 542 1515 579 per

187 603 317 639 locum
338 599 591 650 praecipitem
609 597 726 636 missa
747 604 866 643 erant,
886 610 931 634 ea
947 595 1070 634 vineis
1091 602 1129 633 et
1149 608 1286 645 aggere
1308 607 1514 644 suppressa

187 664 577 714 comprehendebant
593 662 633 701 id
649 662 777 712 ipsum
799 662 908 711 quod
930 661 1164 698 morabatur.
1211 659 1357 696 Milites
1379 666 1513 697 contra
1536 667 1553 696 3

187 729 318 775 nostri,
342 742 581 778 quamquam
609 726 830 777 periculoso
859 740 1000 775 genere
1027 724 1149 775 proeli
1179 725 1347 773 locoque
1379 722 1513 772 iniquo

186 794 474 844 premebantur,
510 800 641 830 tamen
676 790 811 829 onmia
845 790 1057 828 fortissimo
1092 789 1336 827 sustinebant
1366 787 1510 825 animo.

131 874 169 895 10
189 861 268 897 Res
317 858 421 896 enim
468 857 673 907 gerebatur
720 863 758 894 et
799 857 953 894 excelso
997 856 1086 892 loco
1129 861 1167 892 et
1215 853 1254 891 in
1299 860 1553 902 conspectu4

187 923 375 962 exercitus
414 922 546 968 nostri,
588 933 832 970 magnusque
878 918 1074 968 utrimque
1116 919 1263 956 clamor
1305 917 1510 955 oriebatur.

188 990 249 1025 Ita
289 1001 406 1037 quam
446 986 612 1036 quisque
651 992 802 1035 poterat
843 984 1012 1022 maxime
1050 982 1222 1033 insignis,
1265 995 1343 1032 quo
1386 981 1551 1024 notior5

187 1052 439 1102 testatiorque
468 1051 587 1090 virtus
617 1056 720 1089 esset
746 1049 840 1096 eius,
865 1048 950 1087 telis
978 1047 1151 1086 hostium
1183 1048 1443 1095 flammaeque
1473 1059 1514 1084 se

187 1117 384 1155 offerebat.

130 1191 166 1223 15
241 1183 395 1228 Caesar,
418 1195 508 1220 cum
530 1179 743 1230 compluris
765 1192 856 1217 suos
876 1177 1069 1217 vulnerari
1090 1176 1248 1223 videret,
1269 1190 1314 1215 ex
1331 1175 1514 1214 omnibus
1534 1181 1585 1218 43

187 1246 322 1297 oppidi
344 1246 518 1296 partibus
547 1244 718 1283 cohortis
749 1250 924 1282 montem
958 1243 1171 1280 ascendere
1199 1248 1237 1280 et
1267 1240 1515 1279 simulatione

187 1311 388 1349 moenium
420 1311 743 1360 occupandorum
775 1310 987 1346 clamorem
1020 1306 1196 1356 undique
1230 1305 1338 1344 iubet
1369 1307 1512 1343 tollere.

187 1377 280 1424 Quo
314 1377 417 1414 facto
451 1374 640 1425 perterriti
668 1372 868 1424 oppidani,
902 1386 991 1410 cum
1024 1371 1120 1421 quid
1149 1378 1325 1421 ageretur
1350 1370 1390 1407 in
1420 1370 1515 1408 locis
1539 1385 1552 1406 2

186 1440 342 1490 reliquis
363 1447 494 1478 essent
515 1438 705 1489 suspensi,
729 1445 914 1476 revocant
945 1438 995 1475 ab
1024 1436 1301 1486 impugnandis
1332 1435 1515 1486 operibus

129 1519 167 1542 20
185 1513 356 1544 armatos
387 1504 587 1554 murisque
619 1504 845 1554 disponunt.
909 1504 969 1540 Ita
1000 1501 1121 1540 nostri
1153 1502 1231 1539 fine
1260 1500 1382 1551 proeli
1413 1502 1515 1539 facto
1538 1512 1554 1542 3,

187 1569 362 1608 celeriter
400 1583 519 1619 opera
557 1570 716 1606 flamma
755 1568 1041 1617 comprehensa
1078 1565 1219 1616 partim
1259 1565 1514 1615 restinguunt,

187 1634 327 1684 partim
348 1633 642 1672 interscindunt.
685 1634 788 1672 Cum
805 1631 1052 1682 pertinaciter
1072 1630 1293 1668 resisterent
1314 1629 1512 1679 oppidani,
1535 1646 1554 1675 4

188 1712 329 1749 magna
349 1698 466 1737 etiam
487 1706 595 1748 parte
615 1697 758 1736 amissa
779 1696 841 1735 siti
862 1710 1021 1735 suorum
1042 1696 1081 1733 in
1103 1695 1297 1733 sententia
1316 1708 1516 1744 permane-

187 1771 283 1810 rent,
316 1764 365 1801 ad
393 1770 635 1813 postremum
667 1761 857 1800 cuniculis
889 1774 1012 1799 venae
1044 1760 1161 1798 fontis
1191 1758 1394 1798 intercisae
1426 1766 1516 1797 sunt

130 1845 166 1876 25
187 1836 304 1878 atque
342 1842 509 1867 aversae.
571 1830 663 1877 Quo
698 1830 800 1865 facto
841 1834 1001 1877 repente
1036 1825 1217 1876 perennis
1253 1825 1399 1863 exaruit
1429 1827 1514 1863 fons
1536 1838 1552 1868 5

186 1901 416 1943 tantamque
436 1893 564 1931 attulit
581 1892 790 1943 oppidanis
812 1892 945 1930 salutis
965 1891 1292 1941 desperationem,
1311 1898 1352 1928 ut
1374 1889 1412 1928 id
1434 1904 1514 1929 non

187 1958 393 1996 hominum
424 1957 588 1996 consilio
620 1959 689 1996 sed
719 1958 883 1996 deorum
916 1958 1117 1995 voluntate
1147 1957 1293 1994 factum
1320 1962 1511 2005 putarent.

188 2024 328 2073 Itaque
349 2036 389 2061 se
410 2022 641 2061 necessitate
662 2022 788 2060 coacti
809 2022 1062 2060 tradiderunt.

241 2089 395 2134 Caesar,
432 2101 522 2125 cum
562 2101 672 2125 suam
707 2086 907 2125 lenitatem
948 2086 1145 2137 cognitam
1181 2085 1364 2124 omnibus
1400 2085 1512 2124 sciret
1531 2091 1584 2128 44

130 2166 168 2196 30
187 2166 316 2202 neque
363 2160 557 2190 vereretur
604 2166 653 2190 ne
701 2151 796 2201 quid
835 2152 1065 2190 crudelitate
1113 2158 1272 2189 naturae
1320 2150 1514 2189 videretur

185 2216 359 2266 asperius
380 2216 518 2255 fecisse
538 2230 667 2266 neque
692 2215 838 2254 exitum
867 2216 1120 2255 consiliorum
1152 2229 1311 2255 suorum
1341 2215 1514 2254 animad-

234 2330 271 2350 12
295 2330 393 2359 quam
410 2319 502 2355 A'ss:
536 2330 600 2351 om.
628 2319 670 2350 B'
771 2320 820 2351 Ita
845 2320 986 2360 quisque
1012 2325 1112 2359 prout
1136 2325 1208 2351 erat
1227 2319 1303 2352 Em.
1324 2319 1513 2359 Hoffmann

191 2373 228 2402 19
252 2363 408 2403 suspensi
425 2363 512 2398 B'B:
541 2363 666 2402 signari
683 2362 716 2392 A
734 2374 739 2393 :
770 2364 916 2402 ignorari
935 2363 991 2393 M:
1022 2364 1129 2403 ignari
1150 2364 1195 2394 ΠΖ
1374 2373 1415 2401 23
1440 2373 1512 2402 per-

189 2411 363 2437 manerent
380 2406 411 2436 A
426 2410 476 2445 pr.
495 2408 536 2441 B:
566 2407 809 2445 permanebant
827 2405 944 2436 MB‘A
965 2417 1042 2438 corr,
