1768 2739
403 128 477 165 DE
509 126 688 164 BELLO
720 126 964 164 GALLICO
995 126 1097 162 LIB.
1130 125 1212 162 VII

146 237 366 277 confirmari
386 245 564 288 oportere
591 251 640 276 ne
666 244 770 275 tecto
795 236 1011 286 recipiatur,
1033 250 1083 275 ne
1102 237 1153 274 ad
1174 235 1328 283 liberos,
1351 249 1401 274 ne
1421 238 1470 274 ad

147 303 327 354 parentis,
343 317 392 342 ne
407 304 458 341 ad
478 316 637 340 uxorem
658 301 808 340 aditum
830 302 972 340 habeat
993 301 1059 351 qui
1075 315 1156 340 non
1171 301 1232 340 bis
1248 315 1316 352 per
1331 314 1471 351 agmen

147 368 317 406 hostium
338 367 626 417 perequitasset.

202 433 370 471 Probata
396 445 436 470 re
464 439 581 481 atque
609 430 794 469 omnibus
818 430 900 468 iure
926 430 1091 468 iurando
1120 430 1281 476 adactis,
1314 437 1472 480 postero
1493 435 1543 480 67

109 509 127 540 5
146 497 211 536 die
231 497 270 535 in
291 496 356 535 tris
376 496 493 547 partis
514 495 722 534 distributo
743 495 917 545 equitatu
939 496 1040 533 duae
1062 508 1102 533 se
1122 495 1225 533 acies
1245 495 1295 533 ab
1316 495 1473 533 duobus

147 561 329 601 lateribus
368 562 592 607 ostendunt,
633 574 710 598 una
747 574 770 598 a
808 560 934 610 primo
976 559 1132 609 agmine
1174 559 1245 598 iter
1283 559 1473 609 impedire

147 626 284 677 coepit.
345 627 435 675 Qua
463 639 503 664 re
537 625 713 664 nuntiata
743 627 887 664 Caesar
915 638 1029 663 suum
1062 638 1222 675 quoque
1256 624 1472 674 equitatum
1494 641 1508 661 2

147 691 335 742 tripertito
364 690 531 729 divisum
561 698 697 728 contra
726 692 880 728 hostem
911 690 964 728 ire
994 690 1112 728 iubet.
1175 692 1373 739 Pugnatur
1396 703 1474 727 una

146 756 330 795 omnibus
350 756 389 793 in
416 755 600 806 partibus.
661 755 849 794 Consistit
876 768 1040 804 agmen,
1072 754 1355 805 impedimenta
1376 754 1474 792 intra
1496 770 1512 799 J,

92 836 130 858 10
148 821 319 871 legiones
351 820 596 870 recipiuntur.
657 820 695 858 Si
728 834 805 870 qua
836 820 875 857 in
910 827 1018 870 parte
1050 820 1169 858 nostri
1203 820 1377 857 laborare
1408 826 1474 857 aut
1493 835 1512 865 4

148 886 298 936 gravius
325 885 447 935 premi
468 884 709 931 videbantur,
733 898 780 922 eo
808 885 916 933 signa
946 884 1074 922 inferri
1101 885 1244 923 Caesar
1270 883 1475 932 aciemque

149 950 332 989 constitui
370 950 562 997 iubebat,
608 963 708 1000 quae
747 963 806 987 res
845 957 883 987 et
922 949 1044 987 hostis
1088 950 1139 987 ad
1185 949 1473 998 insequendum

149 1015 326 1053 tardabat
355 1022 393 1052 et
422 1021 575 1052 nostros
605 1027 673 1064 spe
702 1013 818 1051 auxili
848 1014 1117 1052 confirmabat.
1177 1014 1357 1051 Tandem
1384 1014 1476 1051 Ger-
1495 1027 1512 1058 5

150 1079 253 1117 mani
287 1080 337 1117 ab
372 1080 507 1117 dextro
545 1080 663 1117 latere
701 1092 898 1116 summum
931 1078 1064 1127 iugum
1096 1078 1199 1116 nacti
1232 1078 1353 1115 hostis
1388 1079 1476 1115 loco

94 1163 128 1194 ¹5
149 1145 378 1194 depellunt3
418 1143 599 1193 fugientis
638 1156 762 1193 usque
799 1144 850 1181 ad
890 1144 1047 1189 flumen,
1085 1142 1152 1180 ubi
1183 1142 1477 1192 Vercingetorix

148 1222 239 1247 cum
260 1207 506 1258 pedestribus
530 1207 653 1258 copiis
680 1208 921 1254 consederat,
945 1214 1231 1257 persequuntur
1251 1206 1477 1256 compluris-

149 1286 226 1323 que
259 1272 506 1310 interficiunt.
567 1273 656 1320 Qua
688 1285 727 1310 re
757 1271 1027 1310 animadversa
1061 1271 1197 1322 reliqui
1232 1285 1281 1310 ne
1316 1271 1515 1309 circum-6

149 1338 294 1376 irentur
313 1337 421 1375 veriti
445 1350 486 1375 se
513 1338 625 1385 fugae
653 1338 851 1375 mandant.
912 1336 1108 1375 Omnibus
1136 1335 1231 1374 locis
1256 1337 1298 1374 fit
1323 1337 1473 1374 caedes.
1499 1348 1514 1381 7

149 1405 245 1441 Tres
284 1401 514 1440 nobilissimi
550 1400 679 1439 Aedui
718 1401 820 1451 capti
858 1401 909 1438 ad
944 1402 1151 1439 Caesarem
1186 1401 1476 1450 perducuntur:

93 1480 132 1501 20
151 1469 285 1514 Cotus,
315 1468 531 1517 praefectus
558 1466 746 1516 equiturn,
776 1465 842 1515 qui
870 1464 1173 1503 controversiam
1200 1478 1289 1503 cum
1313 1465 1478 1504 Convic-

151 1532 297 1570 tolitavi
328 1531 512 1581 proximis
542 1530 709 1568 comitiis
739 1531 939 1577 habuerat,
971 1537 1008 1568 et
1037 1529 1262 1576 Cavarillus,
1294 1529 1360 1579 qui
1390 1537 1477 1579 post

151 1597 412 1636 desectionem
430 1595 615 1633 Litavicci
631 1594 877 1645 pedestribus
899 1594 1021 1644 copiis
1039 1596 1265 1644 praefuerat,
1283 1602 1320 1632 et
1335 1596 1479 1644 Epore-

150 1662 270 1707 dorix,
287 1675 365 1711 quo
386 1662 488 1698 duce
508 1668 598 1698 ante
618 1660 829 1698 adventum
846 1659 1021 1698 Caesaris
1037 1659 1165 1697 Aedui
1182 1672 1271 1697 cum
1287 1659 1476 1709 Sequanis

151 1727 255 1764 bello
276 1727 569 1764 contenderant.

93 1803 131 1834 25
208 1794 355 1841 Fugato
382 1791 490 1829 omni
517 1791 691 1841 equitatu
712 1789 1004 1840 Vercingetorix
1025 1789 1168 1839 copias,
1192 1796 1233 1827 ut
1253 1802 1323 1839 pro
1344 1789 1476 1827 castris
1496 1789 1550 1826 68

151 1858 418 1902 collocaverat,
437 1856 587 1895 reduxit
608 1856 863 1906 protinusque
876 1854 1060 1901 Alesiam,
1079 1855 1187 1903 quod
1208 1861 1265 1892 est
1286 1854 1476 1904 oppidum

155 1921 474 1968 Mandubiorum,
499 1922 569 1960 iter
599 1923 724 1960 facere
755 1920 884 1970 coepit
913 1918 1166 1968 celeriterque
1195 1917 1479 1967 impedimenta

152 2000 198 2023 ex
219 1986 351 2023 castris
372 1986 486 2024 educi
508 1995 545 2025 et
566 2000 607 2025 se
628 1986 813 2036 subsequi
842 1984 961 2023 iussit.
1023 1985 1166 2022 Caesar
1186 1982 1478 2032 impedimentis
1499 1992 1513 2012 2

153 2050 190 2087 in
219 2051 437 2100 proximum
465 2053 605 2090 collem
637 2051 827 2098 deductis,
851 2051 1006 2089 duabus
1036 2047 1254 2097 legionibus
1284 2046 1478 2097 praesidio

94 2126 134 2157 30
154 2115 293 2153 relictis
329 2124 483 2154 secutus
515 2124 705 2166 quantum
740 2117 817 2155 diei
849 2124 1003 2166 tempus
1038 2122 1095 2152 est
1126 2125 1295 2163 passum,
1329 2111 1478 2149 circiter

152 2179 273 2218 tribus
296 2181 452 2219 milibus
473 2181 643 2219 hostium
666 2196 711 2220 ex
732 2181 944 2219 novissimo
960 2179 1114 2231 agmine
1131 2176 1341 2215 interfectis
1357 2178 1477 2214 altero

195 2296 214 2315 2
240 2295 363 2315 uxores
380 2287 402 2319 β
491 2294 510 2323 3
529 2285 782 2324 perequitaritss
797 2284 921 2315 Meusel
985 2295 1006 2324 9
1025 2285 1112 2315 intra
1125 2281 1319 2323 Nipperdey:
1340 2280 1428 2328 inter
1444 2277 1480 2307 A·

157 2339 193 2359 12
219 2329 375 2359 constitui
399 2339 438 2358 a:
466 2329 615 2358 converti
650 2328 715 2358 UT
735 2338 831 2358 coma:
870 2328 1011 2358 conferri
1042 2328 1071 2357 Τ
1087 2332 1134 2366 pr.
1276 2334 1311 2362 17
1337 2332 1476 2353 eircum-

152 2372 347 2401 venirentnr
364 2371 425 2405 MR
525 2382 567 2409 30
581 2375 655 2411 post
665 2376 800 2402 secutus
812 2371 888 2404 add.
906 2372 1023 2401 hostes
1036 2371 1094 2404 Αβ
1163 2379 1199 2407 31
1222 2368 1368 2399 hostium
1380 2368 1476 2399 0111.ss
