1768 2739
620 151 663 188 C.
700 150 813 187 IVLI
846 148 1114 187 CAESARIS

203 263 361 309 ferebat,
387 268 628 300 contestatus
650 261 756 307 deos,
781 266 822 297 ut
843 273 888 297 ea
908 272 967 297 res
992 256 1134 307 legioni
1160 255 1321 295 feliciter
1345 255 1527 303 eveniret,

205 328 416 374 ‘Desilite,'
458 326 596 376 inquit,
639 325 813 372 ‘milites,
855 324 927 362 nisi
973 323 1087 362 vultis
1134 322 1305 372 aquilam
1351 321 1530 361 hostibus

202 395 390 443 prodere:
440 405 512 442 ego
547 398 650 430 certe
685 404 817 429 meum
852 389 905 428 rei
941 388 1122 439 publicae
1156 396 1273 437 atque
1307 386 1530 437 imperatori

162 470 181 499 4
202 458 374 497 officium
403 456 654 508 praestitero.'
713 457 806 494 Hoc
833 468 923 493 cum
945 467 1040 492 voce
1062 466 1203 503 magna
1223 451 1394 498 dixisset,
1417 465 1458 490 se
1485 465 1531 489 ex

164 535 180 566 5
202 523 292 562 navi
309 522 471 574 proiecit
488 529 606 571 atque
621 520 659 558 in
674 520 797 559 hostis
811 519 982 570 aquilam
1000 520 1096 557 ferre
1111 517 1250 567 coepit.
1288 518 1393 554 Turn
1409 515 1530 555 nostri
1551 524 1568 555 5

202 588 395 628 cohortati
415 587 515 625 inter
535 599 586 633 se,
611 599 660 623 ne
681 592 833 623 tantum
855 585 1029 623 dedecus
1058 582 1338 629 admitteretur,
1361 580 1531 620 universi

164 660 182 690 6
202 667 248 692 ex
265 653 353 692 navi
374 652 626 691 desiluerunt.
672 651 760 687 Hos
774 648 867 687 item
889 663 935 687 ex
955 647 1165 698 †proximis
1185 646 1343 697 primisl·
1365 646 1530 685 navibus

144 707 150 711 ι
201 732 292 757 cum
314 716 620 768 conspexissent,
645 713 844 753 subsecuti
865 713 1046 752 hostibus
1067 712 1441 763 appropinquarunt.

127 792 182 829 26
256 786 477 833 Pugnatum
508 788 566 820 est
595 780 645 818 ab
676 779 849 829 utrisque
878 778 1024 817 acriter.
1085 776 1218 816 Nostri
1246 784 1389 824 tamen,
1421 777 1531 826 quod

201 861 330 897 neque
379 846 535 885 ordines
579 858 730 883 servare
792 857 921 893 neque
978 842 1136 881 firmiter
1182 841 1358 880 insistere
1401 855 1530 892 neque
1553 855 1591 877 10

201 912 310 963 signa
344 911 532 961 subsequi
562 917 742 961 poterant
781 916 900 958 atque
938 907 1035 946 alius
1074 907 1148 945 alia
1179 920 1225 945 ex
1255 906 1343 945 navi
1373 906 1530 957 quibus-

200 992 372 1028 cumque
411 976 529 1028 signis
565 982 784 1015 occurrerat
824 988 865 1013 se
903 974 1146 1024 aggregabat,
1181 986 1418 1023 magnopere
1450 987 1531 1023 per-

164 1044 484 1091 2turbabantur3
537 1044 670 1080 hostes
709 1054 812 1087 vero,
853 1040 956 1079 notis
996 1039 1181 1078 omnibus
1221 1038 1341 1085 vadis,
1383 1038 1450 1077 ubi
1484 1053 1530 1077 ex

199 1109 311 1148 litore
342 1109 494 1159 aliquos
526 1105 729 1157 singularis
764 1119 810 1144 ex
842 1105 928 1143 navi
964 1103 1198 1154 egredientis
1232 1112 1528 1153 conspexerant,

162 1187 180 1217 3
200 1174 369 1213 incitatis
386 1174 496 1224 equis
514 1172 725 1223 impeditos
746 1171 1034 1217 adoriebantur,
1054 1171 1183 1219 plures
1205 1182 1352 1218 paucos
1369 1168 1530 1207 circum-
1552 1188 1588 1220 15

199 1240 400 1287 sistebant,
439 1239 502 1277 alii
541 1239 591 1276 ab
629 1239 747 1275 latere
786 1243 921 1286 aperto
959 1235 998 1273 in
1038 1234 1239 1273 universos
1280 1235 1355 1272 tela
1393 1233 1531 1272 coicie-

159 1325 178 1354 4
200 1306 304 1344 bant.
348 1306 469 1354 Quod
490 1318 579 1342 cum
601 1301 939 1341 animadvertisset
961 1302 1114 1346 Caesar,
1141 1301 1304 1349 scaphas
1326 1300 1529 1349 longarum

200 1371 368 1418 navium,
396 1370 490 1408 item
518 1366 777 1418 speculatoria
809 1365 962 1415 navigia
994 1364 1181 1403 militibus
1207 1363 1395 1413 compleri
1420 1363 1530 1402 iussit

199 1444 248 1483 et,
281 1450 380 1486 quos
410 1433 623 1473 laborantis
653 1439 918 1481 conspexerat,
951 1430 1010 1468 his
1041 1429 1216 1468 subsidia
1246 1429 1525 1468 summittebat.

160 1516 176 1547 5
201 1501 346 1548 Nostri,
370 1500 484 1539 simul
506 1499 545 1537 in
566 1497 676 1536 arido
697 1496 965 1542 constiterunt,
986 1494 1064 1533 suis
1086 1494 1271 1533 omnibus
1293 1493 1526 1539 consecutis,
1550 1513 1589 1534 20

199 1566 238 1604 in
264 1565 386 1604 hostis
414 1565 605 1615 impetum
638 1564 813 1600 fecerunt
845 1568 963 1610 atque
991 1573 1058 1598 eos
1082 1559 1121 1597 in
1150 1561 1281 1609 fugam
1310 1560 1529 1606 dederunt;

199 1644 328 1680 neque
367 1629 520 1679 longius
559 1626 743 1677 prosequi
782 1633 1004 1676 potuerunt,
1042 1626 1150 1674 quod
1185 1624 1336 1674 equites
1371 1637 1528 1663 cursum

198 1703 330 1734 tenere
359 1702 478 1744 atque
507 1693 675 1731 insulam
706 1704 845 1741 capere
876 1704 955 1729 non
986 1697 1204 1740 potuerant.
1281 1691 1374 1728 Hoc
1404 1703 1527 1728 unum

197 1762 248 1799 ad
269 1759 471 1810 pristinam
493 1760 690 1797 fortunam
713 1756 871 1796 Caesari
892 1755 1025 1795 defuit.

126 1830 176 1869 27
253 1827 402 1864 Hostes
423 1823 572 1874 proelio
588 1820 770 1872 superati,
789 1820 904 1859 simul
920 1828 1039 1871 atque
1060 1834 1101 1859 se
1117 1834 1163 1859 ex
1179 1821 1269 1871 fuga
1284 1827 1524 1870 receperunt,
1550 1836 1562 1857 2
1570 1836 1586 1867 5

197 1889 326 1928 statim
365 1890 416 1928 ad
451 1890 660 1928 Caesarem
695 1888 843 1937 legatos
883 1887 933 1924 de
972 1899 1069 1935 pace
1108 1885 1320 1932 miserunt3
1368 1885 1528 1924 obsides

194 1956 353 1993 daturos
389 1967 569 2004 quaeque
609 1952 838 2002 imperasset
888 1965 973 1990 sese
1019 1953 1188 1989 facturos
1222 1949 1385 2000 polliciti
1424 1958 1524 1988 sunt.

160 2031 174 2051 2
196 2021 288 2059 Una
317 2033 407 2058 curn
437 2019 497 2057 his
528 2017 663 2068 legatis
694 2016 900 2057 Commius
929 2016 1095 2054 Atrebas
1124 2015 1240 2061 venit,
1264 2028 1382 2064 quern
1412 2028 1528 2064 supra

195 2085 554 2123 demonstraveram
604 2097 626 2121 a
666 2084 834 2122 Caesare
876 2081 915 2119 in
965 2080 1208 2119 Britanniam
1256 2079 1523 2129 praemissum.

159 2152 319 2194 3Hunc
357 2149 411 2188 illi
450 2164 470 2188 e
510 2148 599 2187 navi
634 2161 842 2198 egressum,
880 2160 970 2184 curn
1009 2146 1060 2184 acl
1099 2158 1166 2183 eos
1204 2143 1366 2183 oratoris
1404 2145 1526 2182 modo
1544 2159 1588 2191 30

196 2214 373 2253 Caesaris
403 2215 590 2252 mandata
617 2213 795 2259 deferret,
819 2211 1201 2261 comprehenderant
1229 2216 1348 2259 atque
1379 2208 1418 2246 in
1446 2207 1525 2246 vin-

240 2328 258 2347 2
284 2318 407 2348 milites
423 2328 464 2347 a:
490 2316 734 2348 commilitones
751 2317 773 2349 β
887 2325 903 2353 7
930 2314 1045 2353 primis
1065 2313 1121 2344 del.
1140 2313 1400 2343 Hotomannus:
1427 2310 1523 2349 primi

196 2361 336 2400 illadwg
425 2371 465 2399 23
484 2364 664 2400 potuerant
679 2359 809 2399 Lipsius
825 2369 830 2387 :
852 2362 1035 2397 potuerunt
1053 2356 1090 2386 X
1175 2366 1215 2395 27
1234 2365 1309 2386 sese
1321 2355 1521 2388 facturosB:

197 2405 346 2436 facturos
364 2414 439 2434 esse
456 2415 474 2433 α
