<?xml version="1.0" encoding="UTF-8"?>
<!DOCTYPE html PUBLIC "-//W3C//DTD XHTML 1.0 Transitional//EN"
    "http://www.w3.org/TR/xhtml1/DTD/xhtml1-transitional.dtd">
<html xmlns="http://www.w3.org/1999/xhtml" xml:lang="en" lang="en">
 <head>
  <title>
</title>
<meta http-equiv="Content-Type" content="text/html;charset=utf-8" />
  <meta name='ocr-system' content='tesseract 3.04.00' />
  <meta name='ocr-capabilities' content='ocr_page ocr_carea ocr_par ocr_line ocrx_word'/>
</head>
<body>
  <div class='ocr_page' id='page_1' title='image "./commentariorumpa01caesuoft_0015.png"; bbox 0 0 1706 2729; ppageno 0'>
   <div class='ocr_carea' id='block_1_1' title="bbox 73 851 110 873">
    <p class='ocr_par' dir='ltr' id='par_1_1' title="bbox 73 851 110 873">
     <span class='ocr_line' id='line_1_1' title="bbox 73 851 110 873; baseline 0.027 -1"><span class='ocrx_word' id='word_1_1' title='bbox 73 851 110 873; x_wconf 89' lang='lat'>10</span> 
     </span>
    </p>
   </div>
   <div class='ocr_carea' id='block_1_2' title="bbox 74 1494 113 1516">
    <p class='ocr_par' dir='ltr' id='par_1_2' title="bbox 74 1494 113 1516">
     <span class='ocr_line' id='line_1_2' title="bbox 74 1494 113 1516; baseline 0 0"><span class='ocrx_word' id='word_1_2' title='bbox 74 1494 113 1516; x_wconf 86' lang='lat'>20</span> 
     </span>
    </p>
   </div>
   <div class='ocr_carea' id='block_1_3' title="bbox 75 1816 110 1846">
    <p class='ocr_par' dir='ltr' id='par_1_3' title="bbox 75 1816 110 1846">
     <span class='ocr_line' id='line_1_3' title="bbox 75 1816 110 1846; baseline 0 0"><span class='ocrx_word' id='word_1_3' title='bbox 75 1816 110 1846; x_wconf 75' lang='lat'>25</span> 
     </span>
    </p>
   </div>
   <div class='ocr_carea' id='block_1_4' title="bbox 75 2139 115 2169">
    <p class='ocr_par' dir='ltr' id='par_1_4' title="bbox 75 2139 115 2169">
     <span class='ocr_line' id='line_1_4' title="bbox 75 2139 115 2169; baseline 0 -9"><span class='ocrx_word' id='word_1_4' title='bbox 75 2139 115 2169; x_wconf 75' lang='grc'>30</span> 
     </span>
    </p>
   </div>
   <div class='ocr_carea' id='block_1_5' title="bbox 418 154 1160 192">
    <p class='ocr_par' dir='ltr' id='par_1_5' title="bbox 418 154 1160 192">
     <span class='ocr_line' id='line_1_5' title="bbox 418 154 1160 192; baseline 0 -1"><span class='ocrx_word' id='word_1_5' title='bbox 418 155 490 191; x_wconf 82' lang='lat' dir='ltr'>DE</span> <span class='ocrx_word' id='word_1_6' title='bbox 523 154 702 191; x_wconf 73' lang='lat' dir='ltr'>BELLO</span> <span class='ocrx_word' id='word_1_7' title='bbox 732 154 976 192; x_wconf 73' lang='lat' dir='ltr'>GALLICO</span> <span class='ocrx_word' id='word_1_8' title='bbox 1008 156 1108 191; x_wconf 78' lang='lat' dir='ltr'>LIB.</span> <span class='ocrx_word' id='word_1_9' title='bbox 1144 156 1160 191; x_wconf 93' lang='grc' dir='ltr'>Ι</span> 
     </span>
    </p>
   </div>
   <div class='ocr_carea' id='block_1_6' title="bbox 127 263 1496 2357">
    <p class='ocr_par' dir='ltr' id='par_1_6' title="bbox 127 263 1492 1465">
     <span class='ocr_line' id='line_1_6' title="bbox 127 263 1485 303; baseline -0.001 -1"><span class='ocrx_word' id='word_1_10' title='bbox 127 265 338 303; x_wconf 80' lang='lat' dir='ltr'>amicitiam</span> <span class='ocrx_word' id='word_1_11' title='bbox 370 263 608 301; x_wconf 82' lang='lat' dir='ltr'>confirmare.</span> <span class='ocrx_word' id='word_1_12' title='bbox 669 263 733 301; x_wconf 78' lang='lat' dir='ltr'>Ad</span> <span class='ocrx_word' id='word_1_13' title='bbox 768 276 831 301; x_wconf 87' lang='lat' dir='ltr'>eas</span> <span class='ocrx_word' id='word_1_14' title='bbox 859 276 917 301; x_wconf 86' lang='lat' dir='ltr'>res</span> <span class='ocrx_word' id='word_1_15' title='bbox 948 264 1213 302; x_wconf 79' lang='lat' dir='ltr'>conficiendas</span> <span class='ocrx_word' id='word_1_16' title='bbox 1245 266 1445 303; x_wconf 78' lang='lat' dir='ltr'>biennium</span> <span class='ocrx_word' id='word_1_17' title='bbox 1471 281 1485 301; x_wconf 85' lang='lat'>2</span> 
     </span>
     <span class='ocr_line' id='line_1_7' title="bbox 129 327 1446 378; baseline 0.002 -12"><span class='ocrx_word' id='word_1_18' title='bbox 129 328 201 366; x_wconf 84' lang='lat' dir='ltr'>sibi</span> <span class='ocrx_word' id='word_1_19' title='bbox 232 328 322 365; x_wconf 84' lang='lat' dir='ltr'>satis</span> <span class='ocrx_word' id='word_1_20' title='bbox 351 339 436 365; x_wconf 83' lang='lat' dir='ltr'>esse</span> <span class='ocrx_word' id='word_1_21' title='bbox 466 327 681 365; x_wconf 80' lang='lat' dir='ltr'>duxerunt:</span> <span class='ocrx_word' id='word_1_22' title='bbox 726 327 763 364; x_wconf 86' lang='lat' dir='ltr'>in</span> <span class='ocrx_word' id='word_1_23' title='bbox 796 327 951 365; x_wconf 86' lang='lat' dir='ltr'>tertium</span> <span class='ocrx_word' id='word_1_24' title='bbox 983 341 1129 366; x_wconf 86' lang='lat' dir='ltr'>annum</span> <span class='ocrx_word' id='word_1_25' title='bbox 1165 330 1446 378; x_wconf 84' lang='lat' dir='ltr'>profectionem</span> 
     </span>
     <span class='ocr_line' id='line_1_8' title="bbox 128 391 1486 442; baseline 0.001 -11"><span class='ocrx_word' id='word_1_26' title='bbox 128 395 212 442; x_wconf 88' lang='lat' dir='ltr'>lege</span> <span class='ocrx_word' id='word_1_27' title='bbox 240 392 482 430; x_wconf 86' lang='lat' dir='ltr'>confirmant.</span> <span class='ocrx_word' id='word_1_28' title='bbox 543 391 607 429; x_wconf 87' lang='lat' dir='ltr'>Ad</span> <span class='ocrx_word' id='word_1_29' title='bbox 641 404 705 429; x_wconf 85' lang='lat' dir='ltr'>eas</span> <span class='ocrx_word' id='word_1_30' title='bbox 740 404 798 429; x_wconf 85' lang='lat' dir='ltr'>res</span> <span class='ocrx_word' id='word_1_31' title='bbox 828 391 1094 430; x_wconf 86' lang='lat' dir='ltr'>conficiendas</span> <span class='ocrx_word' id='word_1_32' title='bbox 1124 393 1328 442; x_wconf 77' lang='lat' dir='ltr'>Orgetorix</span> <span class='ocrx_word' id='word_1_33' title='bbox 1357 394 1449 432; x_wconf 88' lang='lat' dir='ltr'>deli·</span> <span class='ocrx_word' id='word_1_34' title='bbox 1468 404 1486 433; x_wconf 84' lang='lat'><em>3</em></span> 
     </span>
     <span class='ocr_line' id='line_1_9' title="bbox 127 454 1488 506; baseline 0.001 -12"><span class='ocrx_word' id='word_1_35' title='bbox 127 456 236 506; x_wconf 85' lang='lat' dir='ltr'>gitur.</span> <span class='ocrx_word' id='word_1_36' title='bbox 297 457 335 494; x_wconf 86' lang='lat' dir='ltr'>Is</span> <span class='ocrx_word' id='word_1_37' title='bbox 375 454 447 493; x_wconf 84' lang='lat' dir='ltr'>sibi</span> <span class='ocrx_word' id='word_1_38' title='bbox 485 455 720 504; x_wconf 78' lang='lat' dir='ltr'>legationem</span> <span class='ocrx_word' id='word_1_39' title='bbox 758 457 809 494; x_wconf 89' lang='lat' dir='ltr'>ad</span> <span class='ocrx_word' id='word_1_40' title='bbox 847 455 1021 494; x_wconf 87' lang='lat' dir='ltr'>civitates</span> <span class='ocrx_word' id='word_1_41' title='bbox 1059 458 1239 506; x_wconf 84' lang='lat' dir='ltr'>suscepit.</span> <span class='ocrx_word' id='word_1_42' title='bbox 1315 459 1361 496; x_wconf 90' lang='lat' dir='ltr'>In</span> <span class='ocrx_word' id='word_1_43' title='bbox 1402 471 1488 500; x_wconf 84' lang='lat' dir='ltr'>eo4</span> 
     </span>
     <span class='ocr_line' id='line_1_10' title="bbox 128 519 1446 571; baseline 0.002 -13"><span class='ocrx_word' id='word_1_44' title='bbox 128 520 263 558; x_wconf 90' lang='lat' dir='ltr'>itinere</span> <span class='ocrx_word' id='word_1_45' title='bbox 300 519 509 568; x_wconf 82' lang='lat' dir='ltr'>persuadet</span> <span class='ocrx_word' id='word_1_46' title='bbox 548 519 706 557; x_wconf 83' lang='lat' dir='ltr'>Castico</span> <span class='ocrx_word' id='word_1_47' title='bbox 745 520 1107 559; x_wconf 80' lang='lat' dir='ltr'>Catamantaloedis</span> <span class='ocrx_word' id='word_1_48' title='bbox 1138 521 1219 559; x_wconf 88' lang='lat' dir='ltr'>filio</span> <span class='ocrx_word' id='word_1_49' title='bbox 1251 522 1446 571; x_wconf 85' lang='lat' dir='ltr'>Sequano,</span> 
     </span>
     <span class='ocr_line' id='line_1_11' title="bbox 128 582 1448 632; baseline 0.003 -12"><span class='ocrx_word' id='word_1_50' title='bbox 128 583 237 621; x_wconf 88' lang='lat' dir='ltr'>cuius</span> <span class='ocrx_word' id='word_1_51' title='bbox 257 590 366 632; x_wconf 89' lang='lat' dir='ltr'>pater</span> <span class='ocrx_word' id='word_1_52' title='bbox 385 595 548 631; x_wconf 86' lang='lat' dir='ltr'>regnum</span> <span class='ocrx_word' id='word_1_53' title='bbox 568 582 607 620; x_wconf 90' lang='lat' dir='ltr'>in</span> <span class='ocrx_word' id='word_1_54' title='bbox 635 583 826 632; x_wconf 83' lang='lat' dir='ltr'>Sequanis</span> <span class='ocrx_word' id='word_1_55' title='bbox 856 585 1000 622; x_wconf 88' lang='lat' dir='ltr'>multos</span> <span class='ocrx_word' id='word_1_56' title='bbox 1021 598 1146 623; x_wconf 87' lang='lat' dir='ltr'>annos</span> <span class='ocrx_word' id='word_1_57' title='bbox 1167 585 1390 624; x_wconf 85' lang='lat' dir='ltr'>obtinuerat</span> <span class='ocrx_word' id='word_1_58' title='bbox 1411 594 1448 624; x_wconf 90' lang='lat' dir='ltr'>et</span> 
     </span>
     <span class='ocr_line' id='line_1_12' title="bbox 127 647 1449 699; baseline 0.002 -13"><span class='ocrx_word' id='word_1_59' title='bbox 127 661 150 686; x_wconf 92' lang='lat' dir='ltr'>a</span> <span class='ocrx_word' id='word_1_60' title='bbox 170 654 306 686; x_wconf 88' lang='lat' dir='ltr'>senatu</span> <span class='ocrx_word' id='word_1_61' title='bbox 337 647 473 696; x_wconf 90' lang='lat' dir='ltr'>populi</span> <span class='ocrx_word' id='word_1_62' title='bbox 505 647 677 685; x_wconf 87' lang='lat' dir='ltr'>Romani</span> <span class='ocrx_word' id='word_1_63' title='bbox 703 647 852 686; x_wconf 85' lang='lat' dir='ltr'>amicus</span> <span class='ocrx_word' id='word_1_64' title='bbox 872 650 1090 698; x_wconf 86' lang='lat' dir='ltr'>appellatus</span> <span class='ocrx_word' id='word_1_65' title='bbox 1110 656 1202 696; x_wconf 90' lang='lat' dir='ltr'>erat,</span> <span class='ocrx_word' id='word_1_66' title='bbox 1224 657 1266 688; x_wconf 90' lang='lat' dir='ltr'>ut</span> <span class='ocrx_word' id='word_1_67' title='bbox 1287 663 1449 699; x_wconf 89' lang='lat' dir='ltr'>regnum</span> 
     </span>
     <span class='ocr_line' id='line_1_13' title="bbox 128 711 1489 762; baseline 0.003 -14"><span class='ocrx_word' id='word_1_68' title='bbox 128 711 167 749; x_wconf 92' lang='lat' dir='ltr'>in</span> <span class='ocrx_word' id='word_1_69' title='bbox 198 711 352 749; x_wconf 87' lang='lat' dir='ltr'>civitate</span> <span class='ocrx_word' id='word_1_70' title='bbox 380 724 450 748; x_wconf 85' lang='lat' dir='ltr'>sua</span> <span class='ocrx_word' id='word_1_71' title='bbox 479 718 689 760; x_wconf 89' lang='lat' dir='ltr'>occuparet</span> <span class='ocrx_word' id='word_1_72' title='bbox 718 713 827 761; x_wconf 87' lang='lat' dir='ltr'>quod</span> <span class='ocrx_word' id='word_1_73' title='bbox 854 719 961 762; x_wconf 86' lang='lat' dir='ltr'>pater</span> <span class='ocrx_word' id='word_1_74' title='bbox 984 719 1074 750; x_wconf 91' lang='lat' dir='ltr'>ante</span> <span class='ocrx_word' id='word_1_75' title='bbox 1101 713 1290 751; x_wconf 86' lang='lat' dir='ltr'>habuerat</span> <span class='ocrx_word' id='word_1_76' title='bbox 1304 728 1314 761; x_wconf 77' lang='lat'>3</span> <span class='ocrx_word' id='word_1_77' title='bbox 1344 713 1452 752; x_wconf 88' lang='lat' dir='ltr'>item·</span> <span class='ocrx_word' id='word_1_78' title='bbox 1472 722 1489 753; x_wconf 90' lang='lat'>5</span> 
     </span>
     <span class='ocr_line' id='line_1_14' title="bbox 128 774 1451 827; baseline 0.002 -13"><span class='ocrx_word' id='word_1_79' title='bbox 128 789 205 826; x_wconf 91' lang='lat' dir='ltr'>que</span> <span class='ocrx_word' id='word_1_80' title='bbox 244 774 477 824; x_wconf 81' lang='lat' dir='ltr'>Dumnorigi</span> <span class='ocrx_word' id='word_1_81' title='bbox 515 776 658 813; x_wconf 89' lang='lat' dir='ltr'>Aeduo</span> <span class='ocrx_word' id='word_1_82' title='bbox 706 776 809 813; x_wconf 87' lang='lat' dir='ltr'>fratri</span> <span class='ocrx_word' id='word_1_83' title='bbox 848 776 1047 823; x_wconf 89' lang='lat' dir='ltr'>Diviciaci,</span> <span class='ocrx_word' id='word_1_84' title='bbox 1082 777 1149 826; x_wconf 87' lang='lat' dir='ltr'>qui</span> <span class='ocrx_word' id='word_1_85' title='bbox 1188 791 1236 815; x_wconf 91' lang='lat' dir='ltr'>eo</span> <span class='ocrx_word' id='word_1_86' title='bbox 1274 785 1451 827; x_wconf 88' lang='lat' dir='ltr'>tempore</span> 
     </span>
     <span class='ocr_line' id='line_1_15' title="bbox 128 838 1452 891; baseline 0.002 -14"><span class='ocrx_word' id='word_1_87' title='bbox 128 839 388 890; x_wconf 87' lang='lat' dir='ltr'>principatum</span> <span class='ocrx_word' id='word_1_88' title='bbox 410 839 449 877; x_wconf 86' lang='lat' dir='ltr'>in</span> <span class='ocrx_word' id='word_1_89' title='bbox 470 838 625 877; x_wconf 89' lang='lat' dir='ltr'>civitate</span> <span class='ocrx_word' id='word_1_90' title='bbox 646 839 850 878; x_wconf 87' lang='lat' dir='ltr'>obtinebat</span> <span class='ocrx_word' id='word_1_91' title='bbox 877 853 922 878; x_wconf 87' lang='lat' dir='ltr'>ac</span> <span class='ocrx_word' id='word_1_92' title='bbox 952 840 1120 879; x_wconf 86' lang='lat' dir='ltr'>maxime</span> <span class='ocrx_word' id='word_1_93' title='bbox 1140 841 1246 890; x_wconf 92' lang='lat' dir='ltr'>plebi</span> <span class='ocrx_word' id='word_1_94' title='bbox 1266 849 1452 891; x_wconf 87' lang='lat' dir='ltr'>acceptus</span> 
     </span>
     <span class='ocr_line' id='line_1_16' title="bbox 129 903 1452 954; baseline 0.002 -12"><span class='ocrx_word' id='word_1_95' title='bbox 129 912 219 951; x_wconf 89' lang='lat' dir='ltr'>erat,</span> <span class='ocrx_word' id='word_1_96' title='bbox 250 911 292 942; x_wconf 91' lang='lat' dir='ltr'>ut</span> <span class='ocrx_word' id='word_1_97' title='bbox 330 903 435 942; x_wconf 88' lang='lat' dir='ltr'>idern</span> <span class='ocrx_word' id='word_1_98' title='bbox 470 911 675 942; x_wconf 85' lang='lat' dir='ltr'>conaretur</span> <span class='ocrx_word' id='word_1_99' title='bbox 712 906 931 954; x_wconf 87' lang='lat' dir='ltr'>persuadet,</span> <span class='ocrx_word' id='word_1_100' title='bbox 967 905 1082 954; x_wconf 87' lang='lat' dir='ltr'>eique</span> <span class='ocrx_word' id='word_1_101' title='bbox 1120 906 1239 944; x_wconf 90' lang='lat' dir='ltr'>filiam</span> <span class='ocrx_word' id='word_1_102' title='bbox 1270 920 1381 946; x_wconf 90' lang='lat' dir='ltr'>suam</span> <span class='ocrx_word' id='word_1_103' title='bbox 1412 906 1452 945; x_wconf 87' lang='lat' dir='ltr'>in</span> 
     </span>
     <span class='ocr_line' id='line_1_17' title="bbox 129 967 1492 1019; baseline 0.001 -14"><span class='ocrx_word' id='word_1_104' title='bbox 129 967 421 1006; x_wconf 86' lang='lat' dir='ltr'>matrimonium</span> <span class='ocrx_word' id='word_1_105' title='bbox 442 968 518 1006; x_wconf 89' lang='lat' dir='ltr'>dat.</span> <span class='ocrx_word' id='word_1_106' title='bbox 579 968 767 1007; x_wconf 87' lang='lat' dir='ltr'>Perfacile</span> <span class='ocrx_word' id='word_1_107' title='bbox 796 970 899 1007; x_wconf 88' lang='lat' dir='ltr'>factu</span> <span class='ocrx_word' id='word_1_108' title='bbox 929 982 1014 1007; x_wconf 86' lang='lat' dir='ltr'>esse</span> <span class='ocrx_word' id='word_1_109' title='bbox 1041 969 1115 1007; x_wconf 84' lang='lat' dir='ltr'>illis</span> <span class='ocrx_word' id='word_1_110' title='bbox 1142 970 1282 1019; x_wconf 91' lang='lat' dir='ltr'>probat</span> <span class='ocrx_word' id='word_1_111' title='bbox 1312 978 1453 1010; x_wconf 85' lang='lat' dir='ltr'>conata</span> <span class='ocrx_word' id='word_1_112' title='bbox 1472 976 1492 1007; x_wconf 93' lang='lat'><strong>6</strong></span> 
     </span>
     <span class='ocr_line' id='line_1_18' title="bbox 129 1032 1451 1084; baseline 0.003 -15"><span class='ocrx_word' id='word_1_113' title='bbox 129 1033 324 1082; x_wconf 88' lang='lat' dir='ltr'>perficere,</span> <span class='ocrx_word' id='word_1_114' title='bbox 365 1039 570 1081; x_wconf 88' lang='lat' dir='ltr'>propterea</span> <span class='ocrx_word' id='word_1_115' title='bbox 615 1033 725 1081; x_wconf 88' lang='lat' dir='ltr'>quod</span> <span class='ocrx_word' id='word_1_116' title='bbox 772 1032 855 1081; x_wconf 87' lang='lat' dir='ltr'>ipse</span> <span class='ocrx_word' id='word_1_117' title='bbox 902 1045 994 1071; x_wconf 89' lang='lat' dir='ltr'>suae</span> <span class='ocrx_word' id='word_1_118' title='bbox 1033 1033 1198 1072; x_wconf 84' lang='lat' dir='ltr'>civitatis</span> <span class='ocrx_word' id='word_1_119' title='bbox 1246 1034 1451 1084; x_wconf 88' lang='lat' dir='ltr'>imperium</span> 
     </span>
     <span class='ocr_line' id='line_1_19' title="bbox 130 1096 1452 1148; baseline 0.003 -14"><span class='ocrx_word' id='word_1_120' title='bbox 130 1097 361 1134; x_wconf 89' lang='lat' dir='ltr'>obtenturus</span> <span class='ocrx_word' id='word_1_121' title='bbox 395 1103 519 1134; x_wconf 84' lang='lat' dir='ltr'>esset:</span> <span class='ocrx_word' id='word_1_122' title='bbox 562 1109 640 1134; x_wconf 91' lang='lat' dir='ltr'>non</span> <span class='ocrx_word' id='word_1_123' title='bbox 681 1110 765 1134; x_wconf 80' lang='lat' dir='ltr'>esse</span> <span class='ocrx_word' id='word_1_124' title='bbox 804 1096 970 1135; x_wconf 90' lang='lat' dir='ltr'>dubium</span> <span class='ocrx_word' id='word_1_125' title='bbox 1009 1098 1104 1148; x_wconf 89' lang='lat' dir='ltr'>quin</span> <span class='ocrx_word' id='word_1_126' title='bbox 1143 1098 1262 1137; x_wconf 90' lang='lat' dir='ltr'>totius</span> <span class='ocrx_word' id='word_1_127' title='bbox 1303 1100 1452 1138; x_wconf 85' lang='lat' dir='ltr'>Galliae</span> 
     </span>
     <span class='ocr_line' id='line_1_20' title="bbox 130 1159 1452 1213; baseline 0.005 -16"><span class='ocrx_word' id='word_1_128' title='bbox 130 1160 341 1209; x_wconf 90' lang='lat' dir='ltr'>plurimum</span> <span class='ocrx_word' id='word_1_129' title='bbox 363 1159 535 1198; x_wconf 84' lang='lat' dir='ltr'>Helvetii</span> <span class='ocrx_word' id='word_1_130' title='bbox 556 1168 715 1208; x_wconf 80' lang='lat' dir='ltr'>possent</span> <span class='ocrx_word' id='word_1_131' title='bbox 731 1175 740 1207; x_wconf 88' lang='lat'>;</span> <span class='ocrx_word' id='word_1_132' title='bbox 769 1174 810 1199; x_wconf 84' lang='lat' dir='ltr'>se</span> <span class='ocrx_word' id='word_1_133' title='bbox 837 1161 915 1199; x_wconf 88' lang='lat' dir='ltr'>suis</span> <span class='ocrx_word' id='word_1_134' title='bbox 947 1162 1069 1211; x_wconf 86' lang='lat' dir='ltr'>copiis</span> <span class='ocrx_word' id='word_1_135' title='bbox 1101 1176 1253 1213; x_wconf 88' lang='lat' dir='ltr'>suoque</span> <span class='ocrx_word' id='word_1_136' title='bbox 1283 1164 1452 1203; x_wconf 83' lang='lat' dir='ltr'>exercitu</span> 
     </span>
     <span class='ocr_line' id='line_1_21' title="bbox 131 1224 1490 1273; baseline 0.004 -12"><span class='ocrx_word' id='word_1_137' title='bbox 131 1224 204 1262; x_wconf 87' lang='lat' dir='ltr'>illis</span> <span class='ocrx_word' id='word_1_138' title='bbox 225 1238 342 1273; x_wconf 87' lang='lat' dir='ltr'>regna</span> <span class='ocrx_word' id='word_1_139' title='bbox 365 1225 662 1263; x_wconf 89' lang='lat' dir='ltr'>conciliaturum</span> <span class='ocrx_word' id='word_1_140' title='bbox 693 1227 908 1264; x_wconf 87' lang='lat' dir='ltr'>confirmat.</span> <span class='ocrx_word' id='word_1_141' title='bbox 970 1228 1060 1264; x_wconf 91' lang='lat' dir='ltr'>Hac</span> <span class='ocrx_word' id='word_1_142' title='bbox 1090 1227 1266 1266; x_wconf 89' lang='lat' dir='ltr'>oratione</span> <span class='ocrx_word' id='word_1_143' title='bbox 1291 1229 1452 1267; x_wconf 89' lang='lat' dir='ltr'>adducti</span> <span class='ocrx_word' id='word_1_144' title='bbox 1475 1240 1490 1271; x_wconf 72' lang='grc' dir='ltr'><strong>τ</strong></span> 
     </span>
     <span class='ocr_line' id='line_1_22' title="bbox 130 1288 1453 1341; baseline 0.004 -16"><span class='ocrx_word' id='word_1_145' title='bbox 130 1288 229 1326; x_wconf 91' lang='lat' dir='ltr'>inter</span> <span class='ocrx_word' id='word_1_146' title='bbox 249 1301 290 1326; x_wconf 88' lang='lat' dir='ltr'>se</span> <span class='ocrx_word' id='word_1_147' title='bbox 310 1289 428 1326; x_wconf 83' lang='lat' dir='ltr'>fidem</span> <span class='ocrx_word' id='word_1_148' title='bbox 450 1296 488 1326; x_wconf 91' lang='lat' dir='ltr'>et</span> <span class='ocrx_word' id='word_1_149' title='bbox 508 1288 566 1326; x_wconf 86' lang='lat' dir='ltr'>ius</span> <span class='ocrx_word' id='word_1_150' title='bbox 591 1289 797 1327; x_wconf 87' lang='lat' dir='ltr'>iurandum</span> <span class='ocrx_word' id='word_1_151' title='bbox 826 1290 931 1335; x_wconf 91' lang='lat' dir='ltr'>dant,</span> <span class='ocrx_word' id='word_1_152' title='bbox 954 1298 992 1328; x_wconf 87' lang='lat' dir='ltr'>et</span> <span class='ocrx_word' id='word_1_153' title='bbox 1022 1303 1141 1339; x_wconf 86' lang='lat' dir='ltr'>regno</span> <span class='ocrx_word' id='word_1_154' title='bbox 1165 1299 1359 1340; x_wconf 89' lang='lat' dir='ltr'>occupato</span> <span class='ocrx_word' id='word_1_155' title='bbox 1385 1305 1453 1341; x_wconf 91' lang='lat' dir='ltr'>per</span> 
     </span>
     <span class='ocr_line' id='line_1_23' title="bbox 131 1351 1453 1402; baseline 0.005 -14"><span class='ocrx_word' id='word_1_156' title='bbox 131 1352 197 1389; x_wconf 86' lang='lat' dir='ltr'>tris</span> <span class='ocrx_word' id='word_1_157' title='bbox 217 1351 510 1400; x_wconf 86' lang='lat' dir='ltr'>potentissimos</span> <span class='ocrx_word' id='word_1_158' title='bbox 530 1364 576 1390; x_wconf 90' lang='lat' dir='ltr'>ac</span> <span class='ocrx_word' id='word_1_159' title='bbox 594 1352 839 1391; x_wconf 84' lang='lat' dir='ltr'>firmissimos</span> <span class='ocrx_word' id='word_1_160' title='bbox 860 1354 1028 1402; x_wconf 83' lang='lat' dir='ltr'>populos</span> <span class='ocrx_word' id='word_1_161' title='bbox 1050 1354 1168 1392; x_wconf 88' lang='lat' dir='ltr'>totius</span> <span class='ocrx_word' id='word_1_162' title='bbox 1197 1355 1347 1394; x_wconf 88' lang='lat' dir='ltr'>Galliae</span> <span class='ocrx_word' id='word_1_163' title='bbox 1368 1369 1453 1394; x_wconf 84' lang='lat' dir='ltr'>sese</span> 
     </span>
     <span class='ocr_line' id='line_1_24' title="bbox 131 1415 565 1465; baseline -0.005 -10"><span class='ocrx_word' id='word_1_164' title='bbox 131 1415 244 1465; x_wconf 88' lang='lat' dir='ltr'>potiri</span> <span class='ocrx_word' id='word_1_165' title='bbox 264 1428 380 1465; x_wconf 84' lang='lat' dir='ltr'>posse</span> <span class='ocrx_word' id='word_1_166' title='bbox 400 1424 565 1465; x_wconf 89' lang='lat' dir='ltr'>sperant.</span> 
     </span>
    </p>

    <p class='ocr_par' dir='ltr' id='par_1_7' title="bbox 131 1480 1496 2220">
     <span class='ocr_line' id='line_1_25' title="bbox 186 1480 1496 1530; baseline 0.005 -13"><span class='ocrx_word' id='word_1_167' title='bbox 186 1482 243 1517; x_wconf 91' lang='lat' dir='ltr'>Ea</span> <span class='ocrx_word' id='word_1_168' title='bbox 276 1493 335 1517; x_wconf 88' lang='lat' dir='ltr'>res</span> <span class='ocrx_word' id='word_1_169' title='bbox 369 1487 425 1518; x_wconf 91' lang='lat' dir='ltr'>est</span> <span class='ocrx_word' id='word_1_170' title='bbox 462 1480 653 1518; x_wconf 86' lang='lat' dir='ltr'>Helvetiis</span> <span class='ocrx_word' id='word_1_171' title='bbox 685 1494 752 1530; x_wconf 92' lang='lat' dir='ltr'>per</span> <span class='ocrx_word' id='word_1_172' title='bbox 781 1482 970 1520; x_wconf 87' lang='lat' dir='ltr'>indicium</span> <span class='ocrx_word' id='word_1_173' title='bbox 1001 1483 1210 1522; x_wconf 89' lang='lat' dir='ltr'>enuntiata.</span> <span class='ocrx_word' id='word_1_174' title='bbox 1273 1483 1452 1523; x_wconf 85' lang='lat' dir='ltr'>Moribus</span> <span class='ocrx_word' id='word_1_175' title='bbox 1471 1489 1496 1525; x_wconf 90' lang='lat'>4</span> 
     </span>
     <span class='ocr_line' id='line_1_26' title="bbox 131 1543 1454 1596; baseline 0.005 -15"><span class='ocrx_word' id='word_1_176' title='bbox 131 1543 209 1581; x_wconf 86' lang='lat' dir='ltr'>suis</span> <span class='ocrx_word' id='word_1_177' title='bbox 230 1544 497 1593; x_wconf 84' lang='lat' dir='ltr'>Orgetorigem</span> <span class='ocrx_word' id='word_1_178' title='bbox 521 1558 566 1582; x_wconf 87' lang='lat' dir='ltr'>ex</span> <span class='ocrx_word' id='word_1_179' title='bbox 586 1545 723 1583; x_wconf 84' lang='lat' dir='ltr'>vinclis</span> <span class='ocrx_word' id='word_1_180' title='bbox 745 1558 901 1584; x_wconf 86' lang='lat' dir='ltr'>causam</span> <span class='ocrx_word' id='word_1_181' title='bbox 919 1546 1049 1585; x_wconf 90' lang='lat' dir='ltr'>dicere</span> <span class='ocrx_word' id='word_1_182' title='bbox 1069 1556 1290 1596; x_wconf 86' lang='lat' dir='ltr'>coegerunt.</span> <span class='ocrx_word' id='word_1_183' title='bbox 1336 1551 1454 1587; x_wconf 86' lang='lat' dir='ltr'>Dam-</span> 
     </span>
     <span class='ocr_line' id='line_1_27' title="bbox 131 1609 1489 1660; baseline 0.004 -16"><span class='ocrx_word' id='word_1_184' title='bbox 131 1615 265 1645; x_wconf 89' lang='lat' dir='ltr'>natum</span> <span class='ocrx_word' id='word_1_185' title='bbox 299 1620 468 1656; x_wconf 89' lang='lat' dir='ltr'>poenam</span> <span class='ocrx_word' id='word_1_186' title='bbox 508 1609 618 1658; x_wconf 84' lang='lat' dir='ltr'>sequi</span> <span class='ocrx_word' id='word_1_187' title='bbox 651 1610 856 1658; x_wconf 85' lang='lat' dir='ltr'>oportebat</span> <span class='ocrx_word' id='word_1_188' title='bbox 895 1618 937 1648; x_wconf 90' lang='lat' dir='ltr'>ut</span> <span class='ocrx_word' id='word_1_189' title='bbox 966 1610 1044 1660; x_wconf 84' lang='lat' dir='ltr'>igni</span> <span class='ocrx_word' id='word_1_190' title='bbox 1074 1620 1317 1651; x_wconf 87' lang='lat' dir='ltr'>cremaretur.</span> <span class='ocrx_word' id='word_1_191' title='bbox 1378 1612 1453 1651; x_wconf 90' lang='lat' dir='ltr'>Die</span> <span class='ocrx_word' id='word_1_192' title='bbox 1475 1629 1489 1649; x_wconf 89' lang='lat'><strong>2</strong></span> 
     </span>
     <span class='ocr_line' id='line_1_28' title="bbox 131 1671 1451 1722; baseline 0.005 -14"><span class='ocrx_word' id='word_1_193' title='bbox 131 1671 342 1709; x_wconf 87' lang='lat' dir='ltr'>constituta</span> <span class='ocrx_word' id='word_1_194' title='bbox 375 1684 515 1709; x_wconf 84' lang='lat' dir='ltr'>causae</span> <span class='ocrx_word' id='word_1_195' title='bbox 544 1672 727 1710; x_wconf 87' lang='lat' dir='ltr'>dictionis</span> <span class='ocrx_word' id='word_1_196' title='bbox 759 1674 963 1722; x_wconf 80' lang='lat' dir='ltr'>Orgetorix</span> <span class='ocrx_word' id='word_1_197' title='bbox 992 1676 1042 1712; x_wconf 90' lang='lat' dir='ltr'>ad</span> <span class='ocrx_word' id='word_1_198' title='bbox 1072 1675 1261 1714; x_wconf 83' lang='lat' dir='ltr'>iudicium</span> <span class='ocrx_word' id='word_1_199' title='bbox 1293 1690 1451 1715; x_wconf 87' lang='lat' dir='ltr'>omnem</span> 
     </span>
     <span class='ocr_line' id='line_1_29' title="bbox 132 1735 1451 1791; baseline 0.006 -19"><span class='ocrx_word' id='word_1_200' title='bbox 132 1749 240 1773; x_wconf 87' lang='lat' dir='ltr'>suam</span> <span class='ocrx_word' id='word_1_201' title='bbox 273 1735 458 1773; x_wconf 88' lang='lat' dir='ltr'>familiam</span> <span class='ocrx_word' id='word_1_202' title='bbox 488 1737 539 1774; x_wconf 88' lang='lat' dir='ltr'>ad</span> <span class='ocrx_word' id='word_1_203' title='bbox 568 1737 773 1775; x_wconf 89' lang='lat' dir='ltr'>hominum</span> <span class='ocrx_word' id='word_1_204' title='bbox 804 1738 909 1776; x_wconf 85' lang='lat' dir='ltr'>milia</span> <span class='ocrx_word' id='word_1_205' title='bbox 938 1740 1078 1777; x_wconf 90' lang='lat' dir='ltr'>decem</span> <span class='ocrx_word' id='word_1_206' title='bbox 1108 1740 1284 1790; x_wconf 87' lang='lat' dir='ltr'>undique</span> <span class='ocrx_word' id='word_1_207' title='bbox 1313 1742 1451 1791; x_wconf 89' lang='lat' dir='ltr'>coegit,</span> 
     </span>
     <span class='ocr_line' id='line_1_30' title="bbox 132 1799 1452 1854; baseline 0.005 -18"><span class='ocrx_word' id='word_1_208' title='bbox 132 1807 169 1837; x_wconf 92' lang='lat' dir='ltr'>et</span> <span class='ocrx_word' id='word_1_209' title='bbox 216 1799 344 1837; x_wconf 89' lang='lat' dir='ltr'>omnis</span> <span class='ocrx_word' id='word_1_210' title='bbox 382 1799 534 1838; x_wconf 87' lang='lat' dir='ltr'>clientis</span> <span class='ocrx_word' id='word_1_211' title='bbox 580 1801 864 1851; x_wconf 82' lang='lat' dir='ltr'>obaeratosque</span> <span class='ocrx_word' id='word_1_212' title='bbox 907 1816 1009 1848; x_wconf 71' lang='lat' dir='ltr'>suoS,</span> <span class='ocrx_word' id='word_1_213' title='bbox 1050 1816 1217 1853; x_wconf 88' lang='lat' dir='ltr'>quorum</span> <span class='ocrx_word' id='word_1_214' title='bbox 1268 1818 1452 1854; x_wconf 89' lang='lat' dir='ltr'>magnum</span> 
     </span>
     <span class='ocr_line' id='line_1_31' title="bbox 132 1864 1453 1916; baseline 0.005 -15"><span class='ocrx_word' id='word_1_215' title='bbox 132 1877 337 1902; x_wconf 88' lang='lat' dir='ltr'>numerum</span> <span class='ocrx_word' id='word_1_216' title='bbox 368 1864 550 1911; x_wconf 87' lang='lat' dir='ltr'>habebat,</span> <span class='ocrx_word' id='word_1_217' title='bbox 581 1867 723 1903; x_wconf 87' lang='lat' dir='ltr'>eodem</span> <span class='ocrx_word' id='word_1_218' title='bbox 753 1867 963 1904; x_wconf 80' lang='lat' dir='ltr'>conduxit:</span> <span class='ocrx_word' id='word_1_219' title='bbox 1004 1880 1072 1916; x_wconf 89' lang='lat' dir='ltr'>per</span> <span class='ocrx_word' id='word_1_220' title='bbox 1109 1881 1176 1906; x_wconf 87' lang='lat' dir='ltr'>eos</span> <span class='ocrx_word' id='word_1_221' title='bbox 1216 1882 1265 1907; x_wconf 90' lang='lat' dir='ltr'>ne</span> <span class='ocrx_word' id='word_1_222' title='bbox 1295 1882 1453 1908; x_wconf 87' lang='lat' dir='ltr'>causam</span> 
     </span>
     <span class='ocr_line' id='line_1_32' title="bbox 132 1927 1491 1978; baseline 0.006 -13"><span class='ocrx_word' id='word_1_223' title='bbox 132 1927 277 1966; x_wconf 89' lang='lat' dir='ltr'>diceret</span> <span class='ocrx_word' id='word_1_224' title='bbox 317 1941 357 1966; x_wconf 84' lang='lat' dir='ltr'>se</span> <span class='ocrx_word' id='word_1_225' title='bbox 395 1929 544 1978; x_wconf 89' lang='lat' dir='ltr'>eripuit.</span> <span class='ocrx_word' id='word_1_226' title='bbox 616 1931 718 1969; x_wconf 91' lang='lat' dir='ltr'>Cum</span> <span class='ocrx_word' id='word_1_227' title='bbox 758 1930 891 1968; x_wconf 88' lang='lat' dir='ltr'>civitas</span> <span class='ocrx_word' id='word_1_228' title='bbox 941 1932 994 1969; x_wconf 93' lang='lat' dir='ltr'>ob</span> <span class='ocrx_word' id='word_1_229' title='bbox 1043 1945 1129 1970; x_wconf 90' lang='lat' dir='ltr'>eam</span> <span class='ocrx_word' id='word_1_230' title='bbox 1175 1946 1256 1971; x_wconf 88' lang='lat' dir='ltr'>rem</span> <span class='ocrx_word' id='word_1_231' title='bbox 1295 1933 1491 1974; x_wconf 79' lang='lat' dir='ltr'>incitata3</span> 
     </span>
     <span class='ocr_line' id='line_1_33' title="bbox 131 1992 1452 2046; baseline 0.005 -17"><span class='ocrx_word' id='word_1_232' title='bbox 131 1992 246 2030; x_wconf 86' lang='lat' dir='ltr'>armis</span> <span class='ocrx_word' id='word_1_233' title='bbox 259 1992 318 2030; x_wconf 85' lang='lat' dir='ltr'>ius</span> <span class='ocrx_word' id='word_1_234' title='bbox 332 2006 445 2030; x_wconf 86' lang='lat' dir='ltr'>suum</span> <span class='ocrx_word' id='word_1_235' title='bbox 459 1993 617 2043; x_wconf 86' lang='lat' dir='ltr'>exsequi</span> <span class='ocrx_word' id='word_1_236' title='bbox 631 2002 846 2040; x_wconf 87' lang='lat' dir='ltr'>conaretur,</span> <span class='ocrx_word' id='word_1_237' title='bbox 862 1995 1233 2046; x_wconf 88' lang='lat' dir='ltr'>multitudinemque</span> <span class='ocrx_word' id='word_1_238' title='bbox 1246 1997 1452 2036; x_wconf 85' lang='lat' dir='ltr'>hominum</span> 
     </span>
     <span class='ocr_line' id='line_1_34' title="bbox 132 2055 1491 2111; baseline 0.005 -18"><span class='ocrx_word' id='word_1_239' title='bbox 132 2069 178 2094; x_wconf 85' lang='lat' dir='ltr'>ex</span> <span class='ocrx_word' id='word_1_240' title='bbox 197 2055 296 2105; x_wconf 89' lang='lat' dir='ltr'>agris</span> <span class='ocrx_word' id='word_1_241' title='bbox 317 2056 560 2105; x_wconf 87' lang='lat' dir='ltr'>magistratus</span> <span class='ocrx_word' id='word_1_242' title='bbox 581 2065 774 2107; x_wconf 86' lang='lat' dir='ltr'>cogerent,</span> <span class='ocrx_word' id='word_1_243' title='bbox 793 2058 997 2107; x_wconf 87' lang='lat' dir='ltr'>Orgetorix</span> <span class='ocrx_word' id='word_1_244' title='bbox 1017 2067 1193 2098; x_wconf 90' lang='lat' dir='ltr'>mortuus</span> <span class='ocrx_word' id='word_1_245' title='bbox 1214 2068 1296 2107; x_wconf 79' lang='lat' dir='ltr'>est3</span> <span class='ocrx_word' id='word_1_246' title='bbox 1325 2074 1453 2111; x_wconf 89' lang='lat' dir='ltr'>neque</span> <span class='ocrx_word' id='word_1_247' title='bbox 1471 2075 1491 2104; x_wconf 91' lang='lat'>4</span> 
     </span>
     <span class='ocr_line' id='line_1_35' title="bbox 133 2119 1451 2173; baseline 0.005 -16"><span class='ocrx_word' id='word_1_248' title='bbox 133 2121 242 2158; x_wconf 85' lang='lat' dir='ltr'>abest</span> <span class='ocrx_word' id='word_1_249' title='bbox 263 2119 444 2169; x_wconf 85' lang='lat' dir='ltr'>suspicio,</span> <span class='ocrx_word' id='word_1_250' title='bbox 463 2128 504 2159; x_wconf 91' lang='lat' dir='ltr'>ut</span> <span class='ocrx_word' id='word_1_251' title='bbox 526 2121 698 2160; x_wconf 85' lang='lat' dir='ltr'>Helvetii</span> <span class='ocrx_word' id='word_1_252' title='bbox 719 2122 962 2169; x_wconf 89' lang='lat' dir='ltr'>arbitrantur,</span> <span class='ocrx_word' id='word_1_253' title='bbox 979 2123 1072 2173; x_wconf 85' lang='lat' dir='ltr'>quin</span> <span class='ocrx_word' id='word_1_254' title='bbox 1091 2124 1173 2173; x_wconf 88' lang='lat' dir='ltr'>ipse</span> <span class='ocrx_word' id='word_1_255' title='bbox 1193 2124 1265 2162; x_wconf 90' lang='lat' dir='ltr'>sibi</span> <span class='ocrx_word' id='word_1_256' title='bbox 1287 2133 1451 2164; x_wconf 87' lang='lat' dir='ltr'>mortem</span> 
     </span>
     <span class='ocr_line' id='line_1_36' title="bbox 132 2182 371 2220; baseline 0.004 -1"><span class='ocrx_word' id='word_1_257' title='bbox 132 2182 371 2220; x_wconf 87' lang='lat' dir='ltr'>consciverit.</span> 
     </span>
    </p>

    <p class='ocr_par' dir='ltr' id='par_1_8' title="bbox 132 2246 1496 2357">
     <span class='ocr_line' id='line_1_37' title="bbox 187 2246 1496 2300; baseline 0.007 -17"><span class='ocrx_word' id='word_1_258' title='bbox 187 2248 279 2284; x_wconf 87' lang='lat' dir='ltr'>Post</span> <span class='ocrx_word' id='word_1_259' title='bbox 300 2246 382 2284; x_wconf 90' lang='lat' dir='ltr'>eius</span> <span class='ocrx_word' id='word_1_260' title='bbox 416 2255 581 2285; x_wconf 88' lang='lat' dir='ltr'>mortem</span> <span class='ocrx_word' id='word_1_261' title='bbox 612 2248 735 2286; x_wconf 84' lang='lat' dir='ltr'>nihilo</span> <span class='ocrx_word' id='word_1_262' title='bbox 765 2249 893 2287; x_wconf 87' lang='lat' dir='ltr'>minus</span> <span class='ocrx_word' id='word_1_263' title='bbox 922 2250 1094 2288; x_wconf 84' lang='lat' dir='ltr'>Helvetii</span> <span class='ocrx_word' id='word_1_264' title='bbox 1119 2251 1158 2289; x_wconf 89' lang='lat' dir='ltr'>id</span> <span class='ocrx_word' id='word_1_265' title='bbox 1185 2253 1294 2300; x_wconf 84' lang='lat' dir='ltr'>quod</span> <span class='ocrx_word' id='word_1_266' title='bbox 1314 2253 1454 2291; x_wconf 85' lang='lat' dir='ltr'>eonsti-</span> <span class='ocrx_word' id='word_1_267' title='bbox 1472 2255 1496 2292; x_wconf 89' lang='lat'>5</span> 
     </span>
     <span class='ocr_line' id='line_1_38' title="bbox 132 2310 1489 2357; baseline 0.005 -11"><span class='ocrx_word' id='word_1_268' title='bbox 132 2316 284 2346; x_wconf 89' lang='lat' dir='ltr'>tuerant</span> <span class='ocrx_word' id='word_1_269' title='bbox 305 2310 430 2348; x_wconf 86' lang='lat' dir='ltr'>facere</span> <span class='ocrx_word' id='word_1_270' title='bbox 457 2318 658 2357; x_wconf 87' lang='lat' dir='ltr'>conantur,</span> <span class='ocrx_word' id='word_1_271' title='bbox 681 2319 723 2349; x_wconf 93' lang='lat' dir='ltr'>ut</span> <span class='ocrx_word' id='word_1_272' title='bbox 749 2325 770 2349; x_wconf 92' lang='lat' dir='ltr'>e</span> <span class='ocrx_word' id='word_1_273' title='bbox 794 2312 938 2350; x_wconf 86' lang='lat' dir='ltr'>finibus</span> <span class='ocrx_word' id='word_1_274' title='bbox 966 2313 1044 2350; x_wconf 88' lang='lat' dir='ltr'>suis</span> <span class='ocrx_word' id='word_1_275' title='bbox 1064 2321 1211 2352; x_wconf 86' lang='lat' dir='ltr'>exeant.</span> <span class='ocrx_word' id='word_1_276' title='bbox 1273 2315 1355 2353; x_wconf 92' lang='lat' dir='ltr'>Ubi</span> <span class='ocrx_word' id='word_1_277' title='bbox 1376 2315 1451 2353; x_wconf 88' lang='lat' dir='ltr'>iam</span> <span class='ocrx_word' id='word_1_278' title='bbox 1475 2332 1489 2352; x_wconf 88' lang='lat'><em>2</em></span> 
     </span>
    </p>
   </div>
   <div class='ocr_carea' id='block_1_7' title="bbox 133 2373 1452 2471">
    <p class='ocr_par' dir='ltr' id='par_1_9' title="bbox 133 2373 1452 2471">
     <span class='ocr_line' id='line_1_39' title="bbox 133 2373 1452 2426; baseline 0.005 -17"><span class='ocrx_word' id='word_1_279' title='bbox 133 2385 174 2409; x_wconf 89' lang='lat' dir='ltr'>se</span> <span class='ocrx_word' id='word_1_280' title='bbox 211 2373 261 2410; x_wconf 86' lang='lat' dir='ltr'>ad</span> <span class='ocrx_word' id='word_1_281' title='bbox 299 2386 385 2411; x_wconf 86' lang='lat' dir='ltr'>eam</span> <span class='ocrx_word' id='word_1_282' title='bbox 424 2386 503 2411; x_wconf 89' lang='lat' dir='ltr'>rern</span> <span class='ocrx_word' id='word_1_283' title='bbox 544 2382 697 2423; x_wconf 88' lang='lat' dir='ltr'>paratos</span> <span class='ocrx_word' id='word_1_284' title='bbox 736 2388 820 2413; x_wconf 86' lang='lat' dir='ltr'>esse</span> <span class='ocrx_word' id='word_1_285' title='bbox 858 2376 1029 2414; x_wconf 86' lang='lat' dir='ltr'>arbitrati</span> <span class='ocrx_word' id='word_1_286' title='bbox 1064 2384 1164 2422; x_wconf 87' lang='lat' dir='ltr'>sunt,</span> <span class='ocrx_word' id='word_1_287' title='bbox 1204 2378 1350 2426; x_wconf 91' lang='lat' dir='ltr'>oppida</span> <span class='ocrx_word' id='word_1_288' title='bbox 1383 2391 1452 2417; x_wconf 85' lang='lat' dir='ltr'>sua</span> 
     </span>
     <span class='ocr_line' id='line_1_40' title="bbox 1330 2442 1366 2471; baseline 0 -12"><span class='ocrx_word' id='word_1_289' title='bbox 1330 2442 1366 2471; x_wconf 68' lang='lat'>1*</span> 
     </span>
    </p>
   </div>
  </div>
 </body>
</html>
