1768 2739
766 165 810 201 A.
846 165 1011 201 HIRTI

224 290 311 315 sum
350 276 553 327 proelium.
615 277 735 325 Quod
775 289 864 314 cum
905 275 1051 314 diutius
1090 275 1171 325 pari
1212 277 1341 315 Marte
1378 276 1549 323 iniretur,

224 341 411 391 paulatim
451 355 498 380 ex
536 340 640 379 silvis
674 340 861 379 instructa
894 340 1107 380 multitudo
1145 341 1323 391 procedit
1360 341 1550 392 pediturn,

224 420 325 456 quae
353 413 506 444 nostros
534 405 661 455 coegit
688 406 827 444 cedere
855 405 1016 455 equites.
1078 405 1233 454 Quibus
1267 405 1441 444 celeriter
1464 407 1553 444 sub-

224 471 386 510 veniunt
413 471 507 510 levis
533 478 750 509 armaturae
777 470 940 520 pedites,
963 484 1062 520 quos
1089 478 1180 509 ante
1209 469 1383 520 legiones
1412 470 1553 509 missos

224 536 354 583 docui,
390 536 608 586 turmisque
646 542 867 573 nostrorum
903 535 1120 585 interpositi
1155 543 1380 574 constanter
1417 535 1589 586 proeli-5

188 611 204 641 3
224 609 347 639 antur.
409 603 609 650 Pugnatur
634 599 876 649 aliquamdiu
906 599 988 649 pari
1018 600 1298 647 contentione;
1332 600 1489 647 deinde,
1511 608 1554 638 ut

224 665 322 704 ratio
360 666 586 715 postulabat
620 664 753 713 proeli,
791 664 858 714 qui
897 664 1160 703 sustinuerant
1199 664 1345 715 primos
1383 664 1553 715 impetus

225 729 454 768 insidiarum
485 731 562 767 hoc
586 729 671 778 ipso
699 730 797 766 fiunt
824 728 1041 778 superiores
1066 730 1175 778 quod
1206 731 1357 767 nullum
1387 730 1437 767 ab
1466 728 1554 767 insi-

186 808 205 837 4
225 794 424 833 diantibus
445 794 714 844 imprudentes
740 800 973 844 acceperant
993 792 1284 832 detrimentum.
1344 795 1554 832 Accedunt

225 859 385 909 propius
406 859 561 897 interim
579 858 751 909 legiones
768 858 972 907 crebrique
993 859 1134 896 eodem
1155 865 1334 908 ternpore
1353 866 1391 897 et
1412 858 1554 897 nostris

226 932 263 963 et
284 924 463 963 hostibus
488 924 615 962 nuntii
641 925 879 971 adferuntur,
903 923 1178 972 imperatorem
1205 923 1403 962 instructis
1430 923 1554 974 copiis

188 1000 205 1031 5
224 990 374 1028 adesse.
435 990 525 1037 Qua
551 1003 591 1027 re
620 988 777 1039 cognita
803 987 998 1038 praesidio
1025 987 1247 1026 cohortium
1267 987 1406 1026 confisi
1431 987 1554 1026 nostri

225 1054 412 1092 acerrime
432 1053 682 1103 proeliantur,
705 1067 765 1100 ne,
789 1052 819 1091 si
844 1052 991 1091 tardius
1018 1066 1100 1090 rem
1127 1052 1348 1103 gessissent,
1370 1052 1555 1092 victoriae

186 1126 205 1158 6
224 1119 387 1169 gloriam
409 1118 723 1157 communicasse
749 1131 841 1156 curn
867 1117 1088 1168 legionibus
1108 1117 1341 1157 viderentur.
1403 1119 1554 1156 Hostes

225 1184 442 1223 concidunt
467 1183 607 1222 animis
634 1191 752 1233 atque
779 1183 981 1221 itineribus
1008 1182 1169 1221 diversis
1196 1184 1328 1233 fugam
1348 1189 1551 1233 quaerunt.

227 1249 504 1299 Nequiquam:
535 1262 626 1287 nam
655 1248 797 1298 quibus
825 1247 1119 1287 difficultatibus
1147 1249 1324 1286 locorum
1350 1249 1554 1286 Romanos

190 1314 408 1363 7claudere
437 1315 651 1360 voluerant,
684 1313 738 1351 eis
768 1312 841 1363 ipsi
871 1313 1116 1351 tenebantur.
1177 1312 1283 1350 Victi
1312 1319 1444 1350 tamen
1474 1325 1555 1362 per-

225 1378 413 1428 culsique,
437 1377 583 1416 maiore
603 1384 712 1428 parte
731 1377 874 1415 amissa
894 1377 1132 1415 consternati
1153 1376 1390 1427 profugiunt,
1413 1376 1553 1426 partim

226 1442 329 1481 silvis
359 1442 502 1493 petitis,
525 1442 665 1492 partim
695 1441 980 1491 flumine—qui
1010 1448 1143 1480 tamen
1172 1441 1213 1479 in
1242 1443 1332 1491 fuga
1360 1454 1384 1479 a
1412 1440 1553 1479 nostris

188 1515 206 1545 8
225 1507 363 1546 acriter
383 1506 681 1557 insequentibus
708 1506 1117 1545 conficiuntur—cum
1148 1505 1303 1544 interim
1330 1507 1438 1544 nulla
1457 1507 1555 1543 cala-

226 1572 361 1611 mitate
381 1571 506 1610 victus
528 1573 696 1611 Correus
717 1572 906 1609 excedere
930 1570 1080 1621 proelio
1108 1570 1302 1620 silvasque
1328 1577 1461 1621 petere
1487 1577 1554 1608 aut

225 1635 480 1675 invitantibus
502 1636 643 1674 nostris
663 1636 713 1675 ad
735 1635 979 1674 deditionem
1000 1634 1128 1685 potuit
1148 1634 1305 1682 adduci,
1321 1635 1417 1685 quin
1432 1634 1555 1673 fortis-

226 1702 323 1740 sime
361 1701 592 1751 proeliando
631 1700 923 1751 complurisque
956 1701 1199 1739 vulnerando
1237 1707 1393 1750 cogeret
1431 1700 1554 1738 elatos

226 1766 427 1805 iracundia
447 1766 613 1805 victores
634 1766 673 1804 in
695 1779 736 1805 se
756 1767 833 1804 tela
854 1765 1015 1804 coicere.

153 1845 207 1873 20
279 1831 367 1870 Tali
398 1832 519 1870 modo
549 1845 588 1869 re
615 1838 734 1881 gesta,
757 1830 979 1869 recentibus
1009 1830 1132 1880 proeli
1158 1830 1328 1881 vestigiis
1359 1830 1554 1880 ingressus

227 1897 383 1943 Caesar,
433 1909 524 1934 cum
565 1895 688 1934 victos
734 1902 842 1933 tanta
887 1894 1108 1933 calamitate
1151 1894 1386 1933 existimaret
1430 1893 1554 1932 hostis

226 1961 365 2000 nuntio
385 1968 549 2010 accepto
570 1962 702 1999 locum
718 1968 933 1998 castrorum
949 1959 1160 2006 relicturos,
1180 1973 1281 2010 quae
1301 1973 1381 1998 non
1401 1958 1555 2009 longius

225 2027 276 2064 ab
315 2039 361 2064 ea
395 2027 517 2064 caede
552 2026 690 2064 abesse
724 2026 811 2075 plus
846 2024 974 2062 minus
1007 2036 1080 2062 V111
1117 2024 1275 2063 milibus
1309 2024 1553 2070 dicebantur,

227 2089 382 2128 tametsi
412 2089 575 2128 flumine
605 2089 839 2139 impeditum
870 2088 1074 2127 transitum
1098 2088 1268 2136 videbat,
1291 2096 1424 2127 tamen
1453 2101 1556 2127 exer-

193 2172 206 2192 2
227 2155 307 2194 citu
340 2156 520 2194 traducto
552 2154 805 2205 progreditur.
865 2156 918 2192 At
951 2154 1149 2193 Bellovaci
1184 2152 1435 2204 reliquaeque
1468 2152 1556 2191 civi-

229 2227 338 2266 tates,
370 2226 530 2270 repente
560 2233 606 2258 ex
636 2221 725 2268 fuga
754 2218 888 2269 paucis
917 2226 1035 2269 atque
1065 2218 1124 2257 his
1151 2218 1360 2257 vulneratis
1389 2217 1556 2268 receptis

230 2285 297 2334 qui
318 2285 500 2323 silvarum
522 2284 717 2323 beneficio
738 2297 872 2323 casum
894 2283 1142 2331 evitaverant‚
1164 2283 1350 2323 omnibus
1369 2282 1555 2329 adversis,

275 2396 293 2425 5
318 2387 526 2426 interpositis
543 2398 561 2417 α
719 2396 756 2426 15
778 2390 852 2427 post
868 2392 968 2426 atque
985 2385 1061 2418 add.
1079 2386 1112 2418 in
1131 2398 1151 2417 α
1288 2387 1325 2418 18
1344 2390 1421 2428 post
1435 2384 1557 2418 amissa

231 2430 307 2460 add.
324 2440 390 2469 quo
408 2431 477 2461 sors
495 2431 615 2461 tulerat
631 2431 654 2465 β

1576 872 1614 894 10

1578 1198 1612 1228 15

1575 1515 1614 1537 20

1575 1840 1613 1872 25

1575 2161 1616 2192 30
