1768 2739
639 140 682 178 C.
718 140 832 177 IVLI
863 140 1131 177 CAESARIS

186 265 203 295 3
225 249 382 288 brorum
413 248 628 288 contendit.
690 248 853 287 Interim
887 263 909 287 a
944 249 1211 299 compluribus
1246 249 1467 288 civitatibus
1497 251 1548 289 ad

222 327 313 352 eum
340 313 455 363 legati
485 312 658 360 veniunt,
688 312 832 363 quibus
861 326 999 362 pacem
1030 321 1149 363 atque
1175 313 1388 352 amicitiam
1416 322 1549 364 peten-

221 378 325 417 tibus
355 378 564 417 liberaliter
591 377 793 428 respondit
827 378 1067 428 obsidesque
1098 380 1149 417 ad
1181 393 1222 417 se
1253 379 1398 417 adduci
1427 378 1544 418 iubet.

181 453 200 482 4
221 442 439 493 Sugambri,
462 457 507 481 ex
528 457 576 481 eo
597 450 774 493 tempore
794 456 874 492 quo
900 456 1000 492 pons
1022 442 1171 481 institui
1192 451 1355 493 coeptus
1382 451 1439 482 est
1459 445 1548 493 fuga

220 515 456 557 comparata,
475 506 722 545 hortantibus
750 506 804 544 eis
830 520 929 556 quos
950 520 996 545 ex
1016 507 1219 545 Tencteris
1239 515 1357 557 atque
1379 507 1548 557 Usipeti-
1567 522 1584 553 5

220 572 293 610 bus
309 573 415 622 apud
431 586 472 610 se
488 572 699 618 habebant,
717 571 860 609 finibus
881 571 960 609 suis
981 580 1224 610 excesserant
1245 586 1394 622 suaque
1414 572 1548 611 omnia

219 646 515 689 exportaverant
537 651 657 688 seque
678 638 718 676 in
739 637 993 676 solitudinem
1014 652 1060 676 ac
1080 638 1193 677 silvas
1215 638 1458 678 abdiderant.

139 710 199 748 “19
274 703 419 742 Caesar
449 716 596 752 paucos
627 703 710 741 dies
743 702 782 740 in
814 716 950 741 eorum
981 703 1124 741 finibus
1156 712 1338 750 moratus,
1361 703 1545 742 omnibus

219 766 313 806 vicis
333 767 602 818 aedificiisque
627 767 796 806 incensis
822 767 1106 818 frumentisque
1130 768 1301 815 succisis,
1324 782 1365 807 se
1391 768 1431 807 in
1456 768 1543 807 finis

220 830 417 871 Ubiorum
446 832 592 883 recepit
615 840 734 883 atque
764 832 818 871 eis
847 832 1034 871 auxilium
1064 847 1178 871 suum
1209 833 1415 884 pollicitus,
1438 834 1469 872 si
1492 834 1542 872 ab
1566 847 1604 870 ιο

183 908 196 929 2
219 896 358 934 Suebis
384 905 662 946 premerentur,
689 899 786 936 haec
816 897 868 935 ab
896 896 951 935 eis
983 897 1188 947 cognovit:
1220 898 1382 944 Suebos,
1408 905 1545 948 postea

219 973 338 1010 quam
359 974 427 1011 per
447 963 709 1012 exploratores
735 969 898 1012 pontem
924 961 1004 1000 fieri
1030 962 1322 1011 comperissent,
1346 975 1454 1000 more
1475 975 1546 1000 suo

218 1025 388 1065 concilio
419 1027 555 1066 habito
590 1027 749 1066 nuntios
785 1027 823 1065 in
860 1027 988 1066 omnis
1024 1027 1141 1077 partis
1175 1027 1382 1074 dimisisse,
1411 1027 1466 1066 uti
1496 1029 1546 1066 de

218 1090 374 1140 oppidis
394 1091 666 1142 demigrarent,
691 1092 845 1139 liberos,
868 1106 1018 1139 uxoreS,
1042 1106 1190 1142 suaque
1215 1093 1348 1131 onmia
1373 1092 1413 1130 in
1440 1093 1544 1131 silvis

217 1156 472 1205 deponerent,
506 1164 625 1207 atque
664 1171 801 1196 omnes
841 1157 908 1207 qui
947 1171 1054 1195 arma
1086 1159 1183 1196 ferre
1221 1165 1381 1207 possent
1419 1171 1543 1196 unum
1565 1169 1601 1203 ¹5

181 1226 198 1256 3
217 1220 256 1258 in
291 1221 423 1259 locum
455 1222 733 1261 convenirent:
773 1223 879 1260 hunc
911 1236 995 1260 esse
1027 1223 1224 1261 delectum
1257 1222 1431 1262 medium
1466 1224 1545 1261 fere

218 1284 421 1334 regionum
451 1300 584 1325 earum
615 1301 711 1337 quas
742 1287 861 1325 Suebi
892 1287 1140 1325 obtinerent:
1176 1286 1240 1325 hic
1273 1289 1544 1326 Romanorum

179 1362 197 1391 4
217 1350 432 1387 adventum
449 1359 672 1400 exspectare
692 1359 810 1401 atque
833 1351 885 1389 ibi
903 1352 1101 1390 decertare
1119 1351 1376 1390 constituisse.
1424 1352 1545 1400 Quod

217 1412 285 1450 ubi
314 1414 457 1452 Caesar
481 1415 682 1464 comperit,
711 1415 896 1454 omnibus
926 1416 1041 1454 rebus
1072 1415 1126 1454 eis
1156 1416 1356 1463 confectis,
1379 1429 1543 1465 quarum

217 1491 345 1515 rerum
373 1491 490 1516 causa
519 1480 721 1518 traducere
746 1480 958 1518 exercitum
986 1479 1251 1527 constituerat,
1274 1488 1316 1518 ut
1337 1480 1544 1519 Germanis
1566 1495 1605 1516 20

218 1550 367 1580 metum
396 1542 568 1590 iniceret,
595 1552 637 1582 ut
667 1545 915 1594 Sugambros.
936 1544 1196 1591 ulcisceretur,
1223 1552 1264 1583 ut
1286 1544 1414 1584 Ubios
1444 1545 1545 1583 obsi-

217 1606 336 1646 dione
356 1607 546 1655 liberaret,
563 1608 702 1647 diebus
726 1608 890 1647 omnino
910 1610 1049 1647 decem
1071 1617 1108 1647 et
1129 1617 1220 1648 octo
1236 1617 1340 1647 trans
1358 1611 1545 1647 Rhenum

217 1673 473 1723 consumptis,
501 1673 592 1712 satis
621 1682 659 1712 et
685 1675 736 1713 ad
764 1675 921 1712 laudem
950 1682 986 1712 et
1014 1675 1064 1712 ad
1092 1674 1298 1713 utilitatem
1325 1676 1546 1724 profectum

217 1736 423 1775 arbitratus
445 1751 486 1776 se
506 1737 545 1775 in
569 1737 737 1776 Galliam
759 1738 905 1788 recepit
925 1746 1170 1788 pontemque
1190 1738 1357 1777 rescidit.

146 1818 200 1845 20
274 1807 423 1857 Exigua
443 1816 550 1857 parte
566 1808 722 1846 aestatis
744 1808 893 1858 reliqua
907 1810 1061 1855 Caesar,
1081 1808 1152 1847 etsi
1172 1808 1211 1847 in
1232 1809 1292 1847 his
1313 1809 1420 1857 locis,
1436 1811 1545 1860 quod
1567 1825 1581 1845 2
1587 1824 1604 1855 5

219 1872 348 1911 omnis
369 1872 497 1911 Gallia
522 1875 573 1911 ad
600 1873 885 1923 septentriones
912 1873 1042 1923 vergit,
1068 1881 1242 1912 maturae
1266 1881 1356 1912 sunt
1382 1873 1542 1921 hiemes,

219 1944 350 1975 tamen
384 1936 424 1975 in
460 1937 702 1976 Britanniam
738 1937 932 1987 proficisci
967 1938 1182 1985 contendit,
1219 1939 1327 1988 quod
1361 1938 1546 1977 omnibus

219 2002 296 2039 fere
311 2001 470 2040 Gallicis
487 2001 598 2040 bellis
614 2002 793 2041 hostibus
810 2002 951 2041 nostris
972 2001 1064 2041 inde
1085 2002 1391 2041 sumministrata
1405 2002 1547 2041 auxilia

184 2078 198 2098 2
220 2065 470 2116 intellegebat
500 2075 547 2114 et,
576 2067 607 2106 si
636 2075 790 2117 tempus
825 2067 919 2105 anni
951 2068 1002 2106 ad
1036 2068 1184 2105 bellum
1210 2069 1426 2117 gerendum
1453 2068 1545 2106 defi-

219 2138 333 2177 ceret,
367 2138 497 2169 tamen
534 2145 677 2182 magno
711 2132 785 2170 sibi
819 2131 906 2170 usui
940 2133 1022 2170 fore
1055 2132 1323 2179 arbitrabatur,
1357 2132 1389 2170 si
1422 2134 1543 2171 modo
1564 2147 1603 2176 30

219 2193 385 2233 insulam
406 2195 552 2235 adisset
568 2205 606 2235 et
624 2211 747 2248 genus
764 2197 971 2237 hominum
992 2199 1262 2250 perspexisset,
1281 2200 1378 2246 loca,
1396 2204 1540 2246 portus,

218 2257 347 2296 aditus
369 2264 615 2309 cognovisset
631 2275 641 2307 ,-
670 2273 770 2309 quae
798 2260 931 2298 omnia
958 2261 1036 2298 fere
1058 2261 1180 2299 Gallis
1201 2269 1310 2299 erant
1334 2261 1542 2311 incognita.

185 2327 201 2357 3
221 2323 362 2372 Neque
392 2324 497 2362 enim
522 2332 667 2363 temere
691 2332 842 2374 praeter
872 2332 1106 2364 mercatores
1131 2325 1198 2364 illo
1221 2326 1317 2364 adiit
1337 2326 1544 2376 quisquam

308 2437 328 2465 9
354 2428 492 2458 succisis
509 2426 549 2457 M
563 2438 640 2458 corr.
657 2438 662 2457 :
689 2428 861 2459 succensis
878 2432 940 2459 cett.
1042 2431 1084 2458 26
1100 2434 1229 2468 septem
1249 2430 1394 2460 trionem
1411 2428 1460 2459 B‘
