1768 2739
438 98 510 134 DE
542 97 720 135 BELLo
751 96 996 135 GALLICO
1017 84 1128 134 ΠΒ.
1161 98 1243 134 vn

178 213 237 243 tur
270 213 388 255 atque
422 206 610 255 impedit3
649 206 923 255 interdicitque
958 206 1142 245 omnibus
1174 220 1223 245 ne
1258 221 1496 258 quemquam

176 270 416 309 interficiant.
477 269 782 319 Eporedorigem
803 277 841 307 et
860 270 1162 318 Viridomarum‚
1190 285 1288 321 quos
1313 272 1365 309 illi
1386 272 1498 311 inter·
1519 284 1535 315 5

175 336 296 372 sectos
321 333 600 380 existimabant,
633 333 731 372 inter
755 334 905 382 equites
935 335 1074 372 versari
1105 348 1276 385 suosque
1303 338 1498 386 appellare

174 398 292 437 iubet.
367 398 442 436 His
477 398 641 447 cognitis
671 405 709 436 et
740 398 927 436 Litavicci
960 400 1095 437 fraude
1135 408 1338 449 perspecta
1368 400 1498 439 Aedui
1518 407 1536 437 6

137 471 153 502 5
175 476 312 501 manus
337 463 496 501 tendere
523 470 560 501 et
584 462 826 501 deditionem
851 462 1067 512 significare
1099 470 1137 501 et
1172 463 1352 512 proiectis
1383 464 1498 502 armis

174 535 339 566 mortem
368 527 566 576 deprecari
591 527 792 576 incipiunt.
865 527 1084 566 Litaviccus
1117 541 1207 566 cum
1243 528 1322 566 suis
1354 528 1535 572 clienti-7

173 592 256 637 bus,
290 591 431 641 quibus
470 605 576 630 more
614 593 815 630 Gallorum
852 594 959 630 nefas
1001 600 1059 630 est
1097 592 1214 630 etiam
1256 593 1294 630 in
1330 600 1499 631 extrema

172 655 324 693 fortuna
357 656 534 694 deserere
560 664 754 705 patronos,
789 656 1022 706 Gergoviam
1049 656 1227 706 profugit.

226 720 378 765 Caesar,
413 719 557 757 nuntiis
596 720 647 758 ad
687 719 881 758 civitatem
910 721 1141 758 Aeduorum
1174 720 1300 758 missis
1332 721 1397 770 qui
1428 734 1498 759 suo
1518 733 1562 770 41

119 801 155 824 10
172 784 365 822 beneficio
403 792 652 823 conservatos
687 787 875 823 docerent
906 798 1005 835 quos
1045 785 1126 823 iure
1161 785 1251 823 belli
1285 785 1498 824 interficere

172 847 370 897 potuisset,
401 848 601 898 tribusque
628 848 732 887 horis
761 849 887 887 noctis
916 849 1099 887 exercitui
1120 850 1170 887 ad
1192 849 1362 899 quietem
1385 850 1517 899 datis„

171 919 295 950 castra
327 913 378 950 ad
413 913 645 962 Gergoviam
681 913 812 951 movit.
889 913 1027 951 Medio
1061 914 1139 951 fere
1179 913 1314 952 itinere
1349 913 1498 963 equites
1521 931 1534 951 2

170 990 193 1014 a
232 977 353 1015 Fabio
403 977 509 1015 missi
547 985 694 1028 quanto
743 992 801 1017 res
840 978 880 1015 in
925 978 1098 1027 periculo
1133 977 1246 1016 fuerit
1285 985 1494 1027 exponunt.

171 1042 341 1080 Summis
370 1043 492 1091 copiis
522 1050 645 1081 castra
675 1050 900 1092 oppugnata
931 1043 1211 1088 demonstrant,
1245 1055 1333 1080 cum
1362 1042 1498 1081 crebro

115 1119 149 1150 ¹5
170 1105 306 1155 integri
323 1107 483 1144 defessis
505 1108 760 1145 succederent
781 1114 1013 1156 nostrosque
1033 1106 1192 1145 assiduo
1214 1107 1345 1145 labore
1366 1107 1499 1145 defati-

168 1179 312 1220 garent,
350 1171 492 1221 quibus
520 1179 676 1221 propter
708 1171 1018 1221 magnitudinem
1055 1178 1268 1209 castrorum
1308 1179 1498 1221 perpetuo

169 1242 270 1273 esset
290 1235 414 1274 isdem
435 1236 474 1274 in
494 1238 595 1274 vallo
612 1237 933 1285 permanendum.
996 1235 1252 1274 Multitudine
1274 1235 1497 1285 sagittarum
1519 1254 1536 1283 3

167 1306 285 1348 atque
315 1299 443 1338 omnis
474 1300 624 1350 generis
659 1302 823 1338 telorum
860 1301 1003 1338 multos
1036 1301 1257 1338 vulneratos
1274 1314 1282 1345 ,·
1321 1300 1372 1337 ad
1402 1300 1498 1337 haec

168 1363 396 1403 sustinenda
425 1378 567 1415 magno
595 1364 680 1403 usui
708 1364 826 1403 fuisse
857 1372 1060 1403 tormenta.
1134 1364 1299 1402 Fabium
1324 1363 1496 1402 discessu
1517 1380 1537 1411 4

112 1440 150 1462 20
169 1441 303 1466 eorum
331 1430 485 1468 duabus
520 1429 661 1468 relictis
696 1429 816 1479 portis
851 1429 1052 1467 obstruere
1087 1436 1234 1466 ceteras
1265 1429 1498 1478 pluteosque

168 1494 269 1531 vallo
303 1494 447 1532 addere
479 1501 516 1532 et
548 1507 589 1532 se
623 1493 662 1531 in
694 1502 894 1543 posterum
935 1493 1040 1531 diem
1081 1492 1328 1542 similemque
1364 1505 1496 1530 casum

167 1570 362 1606 apparare.
424 1557 499 1596 His
520 1559 635 1596 rebus
656 1557 830 1607 cognitis,
851 1558 994 1596 Caesar
1010 1570 1165 1595 summo
1182 1556 1313 1595 studio
1330 1556 1496 1595 militum

168 1629 258 1659 ante
278 1629 404 1659 ortum
427 1621 517 1660 solis
538 1622 577 1659 in
600 1630 723 1660 castra
743 1621 927 1671 pervenit.

225 1687 329 1723 Dum
355 1687 451 1724 haec
482 1687 532 1724 ad
563 1686 796 1736 Gergoviam
821 1693 1015 1736 geruntur,
1040 1685 1169 1724 Aedui
1197 1685 1329 1734 primis
1351 1685 1495 1723 nuntiis
1515 1693 1567 1730 42

113 1763 149 1794 25
168 1749 218 1787 ab
236 1749 434 1788 Litavicco
453 1750 624 1800 acceptis
645 1751 796 1788 nullum
818 1750 891 1788 sibi
911 1751 962 1788 ad
984 1750 1304 1799 cognoscendum
1327 1748 1495 1798 spatium

168 1813 400 1863 relinquunt.
462 1814 632 1864 Impellit
658 1814 753 1853 alios
782 1814 950 1860 avaritia,
973 1814 1069 1852 alios
1095 1813 1294 1852 iracundia
1321 1820 1359 1851 et
1379 1820 1496 1851 terne-
1517 1830 1531 1851 2

167 1877 256 1916 ritas
284 1892 384 1928 quae
408 1878 574 1917 maxime
602 1878 655 1916 illi
678 1878 883 1917 hominum
904 1878 1035 1929 generi
1064 1886 1121 1917 est
1142 1878 1283 1924 innata,
1308 1884 1349 1915 ut
1369 1879 1494 1916 levem

166 1942 408 1981 auditionem
450 1944 621 1982 habeant
676 1957 746 1993 pro
791 1958 830 1982 re
887 1951 1098 1993 comperta.
1186 1944 1299 1981 Bona
1352 1941 1493 1980 civium
1515 1956 1532 1986 3

168 2008 439 2046 Romanorum
466 2007 662 2057 diripiunt,
693 2009 832 2047 caedes
860 2008 1018 2055 faciunt,
1042 2007 1081 2045 in
1108 2007 1332 2045 servitutem
1352 2006 1495 2044 abstra—

109 2083 148 2113 30
166 2071 274 2109 hunt.
334 2071 505 2110 Adiuvat
529 2086 609 2110 rem
636 2072 891 2121 proclinatam
914 2072 1236 2111 Convictolitavis
1258 2071 1494 2120 plebemque
1513 2083 1533 2114 4

165 2137 216 2174 ad
260 2137 428 2175 furorem
466 2135 640 2186 impellit,
682 2144 724 2175 ut
772 2136 942 2176 facinore
979 2136 1152 2175 admisso
1191 2138 1242 2175 ad
1288 2135 1493 2174 sanitatem

165 2200 301 2240 reverti
333 2202 488 2251 pudeat.
564 2203 618 2239 M.
653 2201 850 2248 Aristium,
888 2201 1088 2240 tribunum
1124 2201 1302 2249 militum,
1340 2200 1410 2239 iter
1443 2200 1493 2238 ad
1514 2208 1530 2238 5

165 2264 359 2316 legionem
380 2264 587 2304 facientem
608 2266 686 2304 fide
707 2267 798 2304 data
818 2280 863 2304 ex
893 2265 1041 2315 oppido
1063 2266 1272 2305 Cabillono
1296 2267 1468 2305 educunt
1486 2279 1492 2301 π

353 2369 372 2398 8
398 2367 544 2407 perfugit
560 2370 583 2403 β
716 2377 752 2397 21
782 2367 922 2398 similem
943 2368 984 2399 ad
1008 2378 1121 2399 casum
1144 2378 1263 2408 parare
1281 2370 1302 2403 β
