1768 2739
86 891 124 912 10

82 1539 120 1560 20

81 1863 118 1895 25

78 2185 117 2215 30

395 186 467 222 DE
499 185 678 221 BELLO
710 184 954 222 GALLICO
986 185 1087 221 LIB.
1122 185 1227 221 VIII

149 295 428 341 meminissent,
451 301 488 332 et
514 295 664 344 pudore
691 291 857 330 cedendi
887 299 924 330 ct
952 292 1168 341 cupiditate>
1194 307 1262 343 per
1288 307 1328 332 se
1356 296 1472 332 confi-

147 359 277 398 ciendi
297 359 418 409 proeli
445 357 651 396 fortissime
671 364 806 395 contra
821 356 973 406 pedites
994 357 1241 406 proeliantur,
1260 359 1471 409 hostesque
1491 374 1508 405 5

147 423 242 461 nihil
280 424 446 473 amplius
485 422 684 472 copiarum
723 435 969 460 accessurum
1010 423 1224 470 credentes,
1267 431 1308 461 ut
1347 424 1470 473 pridie

146 495 418 538 cognoverant,
459 486 617 525 delendi
665 486 860 536 equitatus
899 485 1019 524 nostri
1069 486 1172 524 nacti
1221 487 1467 525 occasionem

145 553 385 591 videbantur.

198 619 300 656 Cum
320 616 560 667 aliquamdiu
577 630 729 655 summa
745 616 1000 654 contentione
1017 616 1276 662 dimicaretur,
1295 619 1469 655 Dumna-
1488 623 1542 660 29

144 695 212 720 cus
232 681 385 720 instruit
413 681 538 719 aciem
568 694 669 731 quae
696 680 775 719 suis
802 688 904 719 esset
932 680 1129 730 equitibus
1156 680 1197 718 in
1217 680 1342 719 vicem
1364 696 1469 731 prae-

144 747 253 793 sidio,
270 760 360 784 cum
376 754 534 796 repente
548 747 745 784 confertae
765 745 938 795 legiones
958 745 998 783 in
1019 753 1275 795 conspectum
1297 746 1467 784 hostium

143 811 312 849 veniunt.
373 811 527 860 Quibus
548 810 638 849 visis
658 812 858 860 perculsae
878 811 1132 848 barbarorum
1152 818 1303 848 turmae
1323 824 1367 848 ac
1388 825 1469 861 per·
1491 823 1504 843 2

143 875 295 914 territae
322 876 424 914 acies
454 875 636 922 hostium,
658 875 884 924 perturbato
905 874 1278 924 impedimentorum
1302 875 1466 924 agmine,

143 953 285 990 magno
311 942 480 978 clamore
509 940 765 989 discursuque
790 939 935 989 passim
956 940 1069 988 fugae
1093 952 1135 977 se
1159 941 1357 977 mandant.
1417 943 1469 977 At
1491 949 1506 977 3.

142 1005 262 1043 nostri
293 1005 453 1055 equites,
480 1004 546 1054 qui
573 1006 690 1055 paulo
719 1012 809 1042 ante
835 1017 926 1042 cum
960 1003 1229 1042 resistentibus
1262 1004 1468 1042 fortissime

142 1070 403 1116 conflixerant,
446 1069 591 1107 laetitia
628 1068 812 1107 victoriae
850 1067 951 1115 elati,
993 1081 1137 1118 magno
1179 1068 1357 1118 undique
1395 1071 1469 1107 cla-

142 1148 250 1173 more
270 1135 424 1172 sublato
444 1133 675 1172 cedentibus
696 1132 930 1179 circumfusi,
947 1140 1140 1182 quantum
1161 1146 1351 1183 equorum
1368 1134 1467 1171 vires

140 1201 190 1238 ad
211 1200 526 1249 persequendum
551 1200 787 1248 dextraeque
810 1199 862 1236 ad
886 1199 1134 1236 caedendum
1155 1199 1294 1244 valent,
1315 1205 1467 1236 tantum

140 1278 188 1302 eo
217 1264 365 1314 proelio
394 1263 641 1302 interficiunt.
702 1264 842 1312 Itaque
870 1262 1038 1312 amplius
1069 1262 1226 1300 milibus
1253 1262 1464 1301 duodecim
1486 1274 1505 1303 4

139 1336 206 1366 aut
236 1336 472 1366 armatorum
496 1335 563 1366 aut
590 1341 725 1366 eorum
759 1326 826 1376 qui
854 1340 902 1365 eo
929 1326 1069 1365 timore
1088 1339 1195 1365 arma
1223 1327 1465 1376 proiecerant

139 1393 360 1440 interfectis,
383 1393 511 1431 omnis
532 1392 743 1431 multitudo
764 1392 915 1442 capitur
935 1391 1318 1442 impedimentorum.

193 1459 283 1506 Qua
309 1472 356 1496 ex
378 1459 468 1507 fuga
492 1471 582 1495 cum
607 1464 803 1495 constaret
825 1458 1067 1506 Drappetem
1089 1457 1298 1503 Senonem,
1322 1456 1398 1506 qui,
1422 1464 1463 1495 ut
1484 1466 1537 1503 3ο

138 1522 307 1573 primum
334 1524 528 1561 defecerat
555 1522 692 1569 Gallia,
715 1521 888 1559 collectis
910 1520 1085 1570 undique
1112 1520 1272 1570 perditis
1300 1521 1465 1559 homini-

139 1587 223 1634 bus,
242 1587 358 1625 servis
374 1588 424 1625 ad
445 1587 662 1625 libertatem
677 1586 836 1632 vocatis,
852 1585 1049 1623 exsulibus
1066 1585 1243 1623 omnium
1265 1585 1464 1623 civitatum

138 1651 277 1698 ascitis,
328 1651 492 1702 receptis
540 1650 756 1689 latronibus
804 1649 1089 1700 impedimenta
1137 1657 1175 1687 et
1222 1657 1465 1688 commeatus

140 1717 409 1755 Romanorum
444 1716 711 1766 interceperat,
748 1728 827 1753 non
860 1714 1028 1764 amplius
1068 1714 1274 1752 hominum
1310 1716 1465 1754 duobus

139 1781 295 1820 milibus
316 1796 361 1820 ex
381 1784 471 1832 fuga
486 1781 659 1820 collectis
675 1779 915 1831 provinciam
932 1786 1065 1829 petere
1080 1793 1237 1829 unaque
1259 1779 1464 1818 consilium

139 1859 229 1884 cum
272 1860 319 1885 eo
368 1846 592 1885 Lucterium
632 1847 857 1885 Cadurcum
897 1843 1058 1894 cepisse,
1100 1857 1220 1894 quem
1268 1845 1464 1895 superiore

138 1911 419 1950 commentario
446 1911 570 1962 prima
595 1910 816 1950 defectione
839 1909 989 1948 Galliae
1016 1910 1142 1947 facere
1163 1909 1203 1947 in
1223 1909 1462 1959 provinciam

137 1975 305 2014 voluisse
343 1976 532 2027 impetum
580 1975 781 2025 cognitum
829 1982 897 2021 est,
940 1973 1129 2013 Caninius
1177 1975 1325 2023 legatus
1372 1987 1461 2012 cum
1484 1989 1498 2010 2

138 2039 355 2088 legionibus
375 2041 528 2078 duabus
554 2041 605 2079 ad
629 2054 696 2078 eos
720 2039 1015 2090 persequendos
1043 2038 1257 2085 contendit,
1282 2051 1331 2076 ne
1351 2038 1463 2076 detri-

138 2111 272 2142 mento
309 2112 375 2142 aut
408 2104 546 2142 timore
584 2104 806 2154 provinciae
846 2115 987 2152 magna
1025 2102 1184 2140 infamia
1223 2101 1462 2151 perditorum

137 2167 342 2206 hominum
372 2168 581 2207 latrociniis
611 2175 822 2217 caperetur.

191 2234 234 2271 C.
270 2232 412 2271 Fabius
446 2246 536 2271 cum
568 2233 717 2282 reliquo
748 2231 918 2271 exercitu
945 2231 984 2269 in
1014 2232 1206 2271 Carnutes
1237 2238 1463 2280 ceterasque
1483 2241 1525 2278 31

136 2296 392 2346 proficiscitur
404 2297 590 2344 civitates,
606 2310 769 2347 quarum
786 2310 834 2334 eo
850 2295 999 2346 proelio
1015 2297 1123 2345 quod
1140 2309 1229 2334 cum
1254 2297 1463 2334 Dumnaco

179 2411 200 2439 9
226 2400 403 2439 perterrita
420 2402 443 2434 β
568 2410 604 2439 17
631 2410 671 2430 eo
688 2410 752 2430 om.
772 2401 795 2434 β
893 2404 1045 2438 tempore
1060 2410 1080 2428 α
1205 2409 1243 2438 19
1265 2399 1425 2439 Draptem
1438 2400 1461 2433 β

136 2453 177 2482 23
203 2444 332 2474 duobus
349 2453 413 2473 om.
432 2443 472 2473 B'
605 2453 644 2481 24
666 2446 741 2483 post
756 2442 833 2482 suga
850 2441 924 2474 add.
944 2442 1094 2481 quinque
1110 2453 1129 2471 α

1316 2495 1374 2525 14*
