1768 2739
638 134 680 172 C.
716 134 831 171 IVLI
864 134 1132 173 CAESARIS

221 243 415 294 salutique
453 251 554 283 esset
585 258 714 296 neque
752 245 955 285 diiudicari
1008 254 1150 297 posset,
1183 255 1267 286 uter
1300 249 1373 287 utri
1407 249 1546 289 virtute

221 310 498 348 anteferendus
527 309 731 349 videretur.

149 378 203 417 45
278 375 439 424 Quanto
460 382 540 414 erat
561 375 600 413 in
621 375 705 415 dies
727 376 877 426 gravior
896 384 1015 427 atque
1041 377 1213 428 asperior
1233 380 1487 430 oppugnatio,
1510 388 1548 419 et

223 439 391 478 maxime
425 441 533 490 quod
573 454 713 491 magna
751 448 859 490 parte
898 441 1066 480 militum
1105 444 1284 481 confecta
1323 445 1548 483 vulneribus

222 518 281 543 res
311 506 361 543 ad
391 505 628 554 paucitatem
653 507 905 544 defensorum
933 515 1173 556 pervenerat,
1196 515 1305 546 tanto
1335 509 1548 548 crebriores

222 569 371 607 litterae
401 570 607 620 nuntiique
635 571 686 609 ad
718 572 926 610 Caesarem
957 572 1234 620 mittebantur3
1264 587 1430 623 quorum
1460 588 1548 624 pars

223 635 468 684 deprehensa
497 635 537 672 in
567 642 782 684 conspectu
804 643 1026 674 nostrorum
1057 636 1224 675 militum
1255 652 1345 676 cum
1376 639 1549 677 cruciatu

142 712 147 716 “
186 717 200 738 2
223 700 446 738 necabatur.
508 702 599 738 Erat
624 714 725 738 unus
753 700 856 739 intus
885 701 1062 748 Nervius,
1087 702 1247 741 nomine
1267 703 1436 750 Verfico,
1461 706 1549 742 loco

224 772 337 802 natus
359 765 537 811 honesto,
561 764 627 814 qui
653 779 676 803 a
703 765 827 815 prima
848 766 1057 805 obsidione
1083 768 1134 806 ad
1165 767 1398 806 Ciceronem
1425 771 1550 819 perfu-

185 843 202 873 3
223 836 340 879 gerat,
363 842 554 879 suamque
583 829 618 868 ei
642 830 762 868 fidem
786 830 1037 880 praestiterat.
1100 831 1180 869 Hic
1207 845 1317 871 servo
1345 846 1413 882 spe
1440 833 1550 872 liber-

224 894 311 932 tatis
333 894 563 945 magnisque
584 896 792 944 persuadet
817 896 998 946 praemiis
1020 904 1061 935 ut
1089 896 1233 935 litteras
1262 898 1313 936 ad
1341 899 1549 937 Caesarem

183 972 202 1001 4
223 960 381 998 deferat.
442 961 529 998 Has
556 959 620 998 ille
650 959 689 997 in
720 959 848 998 iaculo
877 960 1055 1011 inligatas
1086 962 1204 1009 effert,
1228 968 1266 1000 et
1296 963 1431 1000 Gallus
1452 962 1551 1001 inter

224 1024 358 1062 Gallos
400 1023 483 1062 sine
530 1025 609 1062 ulla
647 1023 871 1074 suspicione
908 1033 1081 1063 versatus
1123 1027 1174 1064 ad
1218 1027 1427 1065 Caesarem
1470 1040 1551 1077 per-

185 1088 338 1129 svenit.
399 1088 463 1127 Ab
495 1101 542 1127 eo
581 1089 631 1127 de
669 1088 851 1138 periculis
887 1089 1089 1129 Ciceronis
1128 1090 1370 1141 legionisque
1409 1104 1551 1142 cogno-

223 1152 351 1191 scitur.

148 1221 204 1267 46
279 1218 434 1264 Caesar,
476 1217 647 1268 acceptis
689 1217 823 1256 litteris
866 1219 960 1257 hora
1003 1218 1154 1257 circiter
1201 1220 1411 1260 undecima
1459 1222 1547 1270 diei,

224 1281 354 1320 statim
384 1281 566 1320 nuntium
594 1282 633 1320 in
665 1284 896 1322 Bellovacos
923 1285 974 1322 ad
1004 1285 1059 1322 M.
1087 1285 1271 1324 Crassum
1303 1294 1550 1336 quaestorem

225 1346 353 1394 mittit,
389 1347 499 1385 cuius
532 1347 695 1386 hiberna
729 1348 891 1386 aberant
922 1349 972 1386 ab
1004 1362 1052 1387 eo
1087 1349 1192 1388 milia
1224 1363 1409 1400 passuum
1440 1364 1551 1401 xxv3

186 1429 200 1449 2
224 1411 333 1451 iubet
368 1412 498 1451 media
532 1420 649 1451 nocte
681 1412 876 1462 legionem
907 1413 1101 1462 proficisci
1136 1415 1390 1466 celeriterque
1424 1418 1475 1456 ad
1510 1431 1551 1456 se

186 1491 203 1521 3
223 1476 364 1514 venire.
425 1476 514 1515 Exit
536 1490 626 1515 cum
650 1477 789 1515 nuntio
811 1478 984 1517 Crassus.
1044 1480 1221 1517 Alterum
1243 1482 1293 1519 ad
1315 1482 1358 1520 C.
1384 1481 1550 1520 Fabium

222 1543 392 1591 legatum
428 1541 556 1589 mittit,
592 1549 634 1580 ut
668 1542 707 1579 in
742 1543 975 1581 Atrebatum
1010 1543 1098 1581 finis
1132 1545 1326 1595 legionem
1366 1547 1549 1594 adducat,

182 1620 300 1657 4qua
331 1607 405 1645 sibi
436 1607 507 1645 iter
545 1607 770 1646 faciendum
805 1607 962 1646 sciebat.
1024 1609 1166 1648 Scribit
1203 1611 1391 1658 Labieno,
1428 1611 1459 1650 si
1498 1612 1552 1651 rei

222 1671 405 1722 publicae
443 1673 657 1711 commodo
695 1674 822 1711 faeere
862 1680 1005 1723 posset,
1050 1689 1141 1714 eum
1181 1676 1335 1726 legione
1372 1678 1424 1715 ad
1464 1678 1552 1716 finis

185 1752 201 1782 5
224 1737 458 1776 Nerviorum
479 1737 619 1776 veniat.
678 1738 888 1788 Reliquam
911 1748 1061 1789 partem
1084 1741 1285 1788 exereitus,
1304 1743 1412 1791 quod
1433 1743 1551 1792 paulo

222 1803 356 1840 aberat
394 1802 558 1852 longius,
592 1815 673 1841 non
708 1811 817 1852 putat
850 1807 1180 1854 exspectandam3
1220 1806 1370 1856 equites
1401 1807 1551 1845 circiter

223 1867 530 1917 quadringentos
551 1881 597 1906 ex
618 1868 802 1918 proximis
824 1869 997 1908 hibernis
1018 1870 1174 1920 colligit.

152 1935 203 1974 47
279 1934 391 1970 Hora
421 1932 571 1971 circiter
597 1933 709 1972 tertia
733 1935 782 1972 ab
811 1935 1127 1974 antecursoribus
1150 1937 1199 1974 de
1221 1937 1350 1976 Crassi
1380 1938 1551 1976 adventu

188 2008 202 2028 2
224 1996 363 2035 certior
384 1998 517 2043 factus,
542 2011 590 2036 eo
611 1998 675 2037 die
697 1999 803 2038 milia
825 2013 1011 2050 passuum
1038 2012 1095 2038 xx
1118 2001 1305 2051 procedit.
1366 2002 1551 2041 Crassum

224 2061 518 2100 Samarobrivae
551 2064 725 2112 praeficit
747 2064 1023 2115 legionemque
1057 2065 1243 2113 attribuit,
1267 2067 1375 2116 quod
1405 2066 1459 2105 ibi
1485 2066 1553 2104 im-

1572 846 1610 868 10

1573 1172 1610 1204 15

1573 1499 1612 1521 20

223 2125 450 2174 pedimenta
490 2128 691 2175 exercitus,
734 2129 893 2168 obsides
928 2129 1141 2177 civitatum,
1178 2130 1322 2169 litteras
1361 2130 1548 2180 publicas,
1573 2146 1612 2177 30

224 2191 543 2241 frumentumque
583 2206 701 2231 omne
740 2195 848 2243 quod
895 2207 942 2232 eo
987 2195 1214 2233 tolerandae
1253 2194 1393 2233 hiemis
1435 2208 1552 2233 causa

186 2264 204 2294 3
223 2255 429 2294 devexerat
453 2257 707 2307 relinquebat.
770 2258 924 2305 Fabius,
949 2266 991 2297 ut
1019 2258 1253 2308 imperatum
1278 2266 1367 2306 erat,
1399 2272 1478 2297 non
1499 2259 1551 2296 ita

184 2331 203 2361 4
224 2321 390 2358 multum
416 2329 587 2360 moratus
604 2322 643 2359 in
665 2322 802 2360 itinere
823 2335 913 2360 cum
934 2323 1089 2372 legione
1110 2323 1286 2362 occurrit.
1340 2323 1548 2369 Labienus,

224 2383 381 2422 interitu
411 2385 545 2423 Sabini
573 2393 610 2424 et
638 2387 760 2425 caede
787 2387 1008 2425 cohortium
1030 2388 1199 2437 cognita,
1224 2401 1314 2426 cum
1335 2400 1472 2426 omnes
1499 2387 1548 2424 ad
