1768 2739
661 164 703 200 (¹.
740 163 853 199 IVLI
887 163 1156 200 CAESARIS

244 289 320 324 que
348 289 394 313 eo
422 274 654 324 comportari
685 274 867 321 iussisset,
892 275 1021 312 subito
1052 288 1118 324 per
1146 276 1406 324 exploratores
1433 276 1572 314 certior

244 342 366 378 sactus
400 348 456 378 est
486 354 531 377 ex
561 352 606 377 ea
636 346 742 390 parte
774 339 846 377 vici
877 352 993 389 quam
1021 340 1142 377 Gallis
1170 348 1414 378 concesserat
1444 341 1571 378 omnis

245 414 364 443 noctu
398 405 633 451 discessisse,
675 404 898 454 montisque
937 405 1001 454 qui
1038 405 1309 454 impenderent
1349 419 1370 443 a
1406 405 1571 444 maxima

210 485 224 506 2
247 470 495 508 multitudine
524 471 771 508 Sedunorum
802 476 838 507 et
867 471 1125 519 Veragrorum
1156 470 1287 507 teneri.
1351 471 1397 508 Id
1424 470 1573 520 aliquot

245 536 295 573 de
316 535 441 573 causis
461 534 667 581 acciderat,
690 542 731 572 ut
758 534 889 571 subito
911 533 1012 571 Galli
1039 533 1130 572 belli
1159 535 1370 573 renovandi
1397 534 1574 585 legionis·
1593 543 1609 573 5

209 611 226 641 3
245 613 322 649 que
346 599 627 649 opprimendae
654 598 861 636 consilium
888 605 1096 648 caperent:
1126 599 1294 648 primum
1323 600 1432 649 quod
1458 599 1574 650 legio-

245 678 336 702 nem
366 678 495 714 neque
533 677 619 701 eam
654 663 920 713 plenissimam
951 663 1132 701 detractis
1157 663 1385 702 cohortibus
1419 664 1572 703 duabus

246 736 283 767 et
315 728 582 778 compluribus
613 727 846 778 singillatim,
879 727 946 778 qui
981 735 1224 766 commeatus
1257 728 1419 778 petendi
1457 742 1573 767 causa

207 806 227 836 4
247 793 350 831 missi
385 800 502 839 erant,
535 800 694 842 propter
724 791 962 842 paucitatem
995 792 1265 842 despiciebant
1281 807 1291 840 3
1334 800 1417 831 tum
1456 792 1572 831 etiam

246 859 353 908 quod
392 864 549 908 propter
587 857 832 907 iniquitatem
871 856 958 903 loci,
990 870 1080 895 cum
1119 856 1191 907 ipsi
1224 871 1270 896 ex
1303 857 1504 896 montibus
1533 857 1573 895 in
1595 870 1633 893 10

245 925 385 961 vallem
417 923 665 960 decurrerent
695 929 733 960 et
767 923 843 959 tela
881 921 1086 969 coicerent,
1122 936 1172 960 ne
1211 922 1380 972 primum
1412 922 1572 972 quidem

209 999 225 1030 5
246 1001 361 1038 posse
395 987 584 1037 impetum
625 1001 739 1025 suum
779 986 958 1025 sustineri
993 986 1275 1025 existimabant.
1347 988 1575 1025 Accedebat

247 1053 354 1102 quod
385 1066 475 1091 suos
502 1053 551 1090 ab
577 1066 617 1090 se
645 1052 787 1090 liberos
821 1052 1036 1090 abstractos
1067 1052 1250 1090 obsidum
1281 1052 1441 1090 nomine
1470 1053 1575 1090 dole-

247 1119 351 1164 bant,
385 1124 422 1155 et
463 1118 666 1154 Romanos
706 1130 785 1154 non
825 1118 952 1154 solum
992 1116 1173 1155 itinerum
1213 1130 1329 1155 causa
1358 1117 1428 1155 sed
1458 1116 1574 1154 etiam

246 1190 456 1233 perpetuae
494 1181 751 1232 possessionis
793 1181 964 1219 culmina
1003 1181 1164 1231 Alpium
1208 1195 1400 1232 occupare
1442 1180 1574 1219 conari
1595 1196 1631 1228 15

246 1255 283 1285 et
313 1260 359 1285 ea
393 1248 479 1285 loca
513 1246 700 1285 finitimae
733 1246 954 1296 provinciae
993 1245 1204 1296 adiungere
1239 1246 1311 1285 sibi
1346 1258 1573 1297 persuasum

247 1313 456 1350 habebant.

204 1380 227 1416 3
303 1376 378 1414 His
399 1376 544 1414 nuntiis
572 1376 742 1426 acceptis
765 1377 900 1423 Galba,
925 1389 1015 1414 cum
1042 1390 1170 1425 neque
1192 1389 1290 1426 opus
1321 1376 1573 1414 hibernorum

249 1441 565 1490 munitionesque
597 1442 711 1490 plene
746 1449 875 1479 essent
906 1442 1099 1490 perfectae
1139 1454 1267 1490 neque
1298 1442 1347 1479 de
1377 1442 1573 1478 frumento

248 1505 475 1555 reliquoque
500 1513 722 1543 commeatu
752 1506 842 1543 satis
870 1513 970 1543 esset
1002 1505 1210 1555 provisum,
1235 1507 1343 1555 quod
1373 1505 1573 1543 deditione
1596 1522 1634 1544 20

247 1572 347 1608 facta
375 1570 658 1619 obsidibusque
683 1570 852 1620 acceptis
877 1570 972 1607 nihil
1000 1571 1049 1608 de
1076 1571 1180 1608 bello
1211 1570 1429 1608 timendum
1451 1569 1573 1608 existi-

249 1642 428 1681 maverat,
462 1634 625 1672 consilio
660 1634 833 1672 celeriter
873 1642 1090 1672 convocato
1130 1635 1340 1672 sententias
1375 1634 1574 1684 exquirere

213 1718 225 1737 2
248 1699 387 1749 coepit.
448 1700 539 1747 Quo
578 1699 617 1736 in
657 1699 830 1745 consilio,
865 1712 954 1736 cum
995 1706 1145 1736 tantum
1186 1698 1375 1748 repentini
1414 1699 1573 1748 periculi

248 1772 397 1814 praeter
427 1763 653 1813 opinionem
685 1763 890 1802 accidisset
926 1777 970 1801 ac
1002 1763 1077 1801 iam
1109 1764 1240 1802 omnia
1269 1765 1347 1802 fere
1377 1763 1572 1813 superiora

248 1831 333 1867 loca
355 1829 604 1867 multitudine
624 1837 858 1867 armatorum
886 1830 1081 1878 completa
1108 1828 1425 1878 conspicerentur
1445 1842 1573 1878 neque
1594 1837 1632 1869 25

248 1894 424 1932 subsidio
441 1894 560 1932 veniri
577 1908 706 1943 neque
727 1901 970 1932 commeatus
992 1894 1207 1943 supportari
1230 1893 1446 1932 interclusis
1466 1893 1575 1931 itine—

250 1958 355 1996 ribus
383 1966 554 2007 possent,
576 1972 698 2008 prope
728 1958 805 1996 iam
832 1959 1037 2007 desperata
1063 1960 1186 1996 salute
1207 1971 1287 1996 non
1308 1959 1437 1996 nullae
1458 1957 1573 1995 huius

250 2023 356 2061 modi
386 2023 603 2061 sententiae
631 2023 872 2069 dicebantur,
904 2031 945 2060 ut
976 2022 1267 2072 impedimentis
1295 2022 1436 2061 relictis
1466 2035 1575 2071 erup-

250 2087 358 2125 tione
399 2090 500 2127 facta
541 2089 665 2127 isdem
706 2088 908 2126 itineribus
950 2087 1093 2138 quibus
1133 2101 1181 2127 eo
1220 2088 1487 2139 pervenissent
1523 2087 1574 2124 ad

214 2154 414 2197 gsalutem
453 2153 747 2190 contenderent.
820 2151 961 2189 Maiori
1001 2158 1132 2188 tamen
1170 2150 1266 2200 parti
1307 2150 1462 2200 placuit,
1498 2151 1574 2188 hoc
1594 2160 1635 2191 30

250 2224 442 2254 reservato
458 2217 508 2254 ad
531 2224 745 2254 extremum
768 2215 941 2261 consilio,
959 2215 1111 2253 interim
1134 2215 1185 2252 rei
1209 2222 1390 2253 eventum
1413 2214 1571 2264 experiri

250 2289 286 2318 et
308 2288 431 2319 castra
451 2282 671 2319 defendere.

205 2350 229 2385 4
306 2344 416 2382 Brevi
439 2345 562 2394 spatio
590 2344 803 2387 interiectO,
826 2344 887 2382 vix
908 2352 949 2382 ut
966 2344 1019 2382 eis
1034 2345 1148 2382 rebus
1170 2357 1265 2394 quas
1282 2343 1571 2383 constituissent

599 2459 619 2485 9
640 2451 713 2487 pos!
728 2453 822 2478 erant
841 2447 916 2479 add.
935 2448 1131 2478 absentibus
1148 2447 1220 2481 [33³
