1706 2729
616 163 658 201 C.
694 163 808 200 IVLI
841 164 1109 202 CAESARIS

161 271 407 317 3exercitum
450 271 564 310 venit.
646 274 722 310 Dat
771 273 968 323 negotium
1018 273 1239 312 Senonibus
1289 273 1523 325 reliquisque

197 335 318 374 Gallis
362 335 429 386 qui
473 335 625 374 finitimi
662 336 789 387 Belgis
836 346 943 375 erant
983 337 1037 375 uti
1077 352 1122 376 ea
1166 351 1268 388 quae
1308 339 1415 389 apud
1456 351 1523 378 eos

195 408 375 450 gerantur
404 409 645 452 cognoscant
675 415 795 451 seque
825 403 874 440 de
904 401 962 439 his
993 402 1107 440 rebus
1137 402 1340 441 certiorem
1368 402 1519 441 faciant.

157 477 176 505 4
198 464 254 503 Hi
286 472 509 504 constanter
540 478 676 503 omnes
708 465 983 504 nuntiaverunt
1014 479 1152 504 manus
1182 465 1278 516 cogi,
1312 466 1523 506 exercitum

195 529 234 567 in
278 543 399 568 unum
438 531 568 568 locum
612 529 791 567 conduci.
869 531 973 567 Tum
1011 543 1102 569 vero
1141 530 1404 569 dubitandum
1443 544 1560 574 n0n5

157 610 174 639 5.
196 594 427 633 existimavit
458 594 551 644 quin
589 595 640 632 ad
679 607 746 632 eos
786 594 1102 643 proficisceretur.
1176 596 1236 633 Re
1275 594 1523 633 frumentaria

196 667 418 709 comparata
449 666 574 697 castra
603 666 745 705 movet,
777 658 996 708 diebusque
1034 658 1184 697 circiter
1218 659 1444 709 quindecim
1473 660 1524 698 ad

195 723 282 761 finis
305 725 511 774 Belgarum
532 723 716 773 pervenit.

150 790 174 826 3
250 790 309 827 Eo
329 802 419 826 cum
440 789 491 826 de
511 787 722 837 improviso
743 787 985 838 celeriusque
1006 788 1113 826 omni
1134 787 1321 838 opinione
1340 787 1519 835 venisset,

195 852 321 899 Remi,
346 851 412 902 qui
440 851 604 901 proximi
634 852 784 890 Galliae
813 866 858 890 ex
890 852 1018 902 Belgis
1048 860 1148 899 sunt,
1175 854 1226 891 ad
1255 866 1345 891 eum
1375 854 1521 903 legatos

157 932 171 951 2
195 917 343 955 Iccium
371 912 410 955 et
437 916 814 963 Andecomborfflm,
838 916 984 966 primos
1012 916 1186 963 civitatis,
1211 916 1398 955 miserunt
1416 931 1426 965 ;
1454 916 1520 967 qui

192 981 367 1021 dicerent
406 996 447 1019 se
481 995 630 1031 suaque
664 981 796 1019 onmia
829 980 869 1018 in
904 982 1023 1020 fidem
1061 988 1180 1031 atque
1213 981 1252 1018 in
1286 989 1520 1031 potestatem

192 1045 327 1096 populi
367 1045 538 1084 Romani
573 1045 804 1095 permittere,
842 1059 970 1095 neque
1005 1058 1045 1083 se
1080 1059 1170 1083 cum
1202 1045 1330 1095 Belgis
1365 1044 1520 1095 reliquis

191 1110 446 1157 consensisse,
477 1124 606 1160 neque
633 1118 768 1148 contra
794 1111 984 1159 populum
1017 1112 1245 1148 Romanum
1273 1109 1496 1149 coniurasse
1511 1124 1520 1157 3

155 1183 425 1226 3paratosque
470 1189 554 1214 esse
598 1182 635 1214 et
681 1174 839 1213 obsides
885 1176 977 1214 dare
1015 1182 1053 1213 et
1091 1174 1280 1225 imperata
1317 1176 1443 1215 facere
1483 1181 1520 1212 et

153 1256 172 1285 4
191 1240 347 1290 oppidis
376 1240 546 1290 recipere
579 1248 616 1278 et
644 1241 838 1278 frumento
866 1239 1083 1290 ceterisque
1110 1240 1225 1278 rebus
1256 1239 1387 1278 iuvare
1400 1236 1521 1287 3³reli-

191 1319 290 1355 quos
325 1305 453 1344 omnis
490 1307 628 1355 Belgas
668 1304 706 1342 in
745 1304 860 1343 armis
900 1318 994 1351 esse,
1033 1306 1330 1354 Germanosque
1365 1303 1431 1354 qui
1465 1303 1519 1342 cis

153 1387 170 1418 5
193 1371 378 1408 Rhenum
395 1370 569 1408 incolant
589 1382 673 1408 sese
695 1383 784 1408 cum
806 1369 865 1407 his
882 1369 1157 1417 coniunxisse,
1187 1376 1419 1419 tantumque
1435 1382 1519 1407 esse

190 1448 324 1473 eorum
355 1434 532 1473 omnium
563 1435 730 1472 furorem
763 1442 804 1472 ut
839 1448 888 1472 ne
923 1433 1152 1473 Suessiones
1181 1433 1353 1483 quidem,
1385 1435 1518 1472 fratres

189 1499 582 1550 consanguineosque
617 1513 717 1545 suOS,
756 1499 821 1549 qui
857 1500 998 1538 eodem
1033 1498 1115 1537 iure
1146 1506 1184 1537 et
1213 1498 1339 1537 isdem
1367 1498 1518 1549 legibus
1541 1515 1554 1535 2

188 1572 356 1611 utantur,
386 1577 509 1602 unum
539 1563 745 1613 imperium
776 1577 979 1613 unumque
1009 1563 1274 1613 magistratum
1304 1576 1395 1601 curn
1425 1562 1517 1612 ipsis

190 1630 370 1675 habeant,
395 1630 587 1667 deterrere
609 1627 805 1677 potuerint
826 1627 921 1677 quin
942 1641 1033 1665 cum
1053 1627 1114 1666 his
1134 1627 1409 1666 consentirent.

145 1702 171 1740 4
244 1696 346 1734 Cum
372 1694 421 1732 ab
452 1693 511 1731 his
533 1700 735 1743 quaereret
755 1706 855 1743 quae
875 1692 1050 1731 civitates
1070 1700 1320 1742 quantaeque
1339 1692 1378 1730 in
1401 1691 1517 1730 armis

190 1767 319 1797 essent
353 1766 390 1797 et
422 1758 518 1809 quid
552 1758 591 1795 in
622 1759 727 1796 bello
756 1765 926 1807 possent,
957 1757 1013 1796 sic
1042 1757 1280 1806 reperiebat:
1310 1759 1517 1806 plerosque

190 1826 329 1874 Belgas
367 1838 453 1862 esse
500 1831 605 1861 ortos
652 1824 702 1861 ab
741 1822 946 1861 Germanis
999 1823 1266 1871 Rhenumque
1303 1821 1516 1871 antiquitus

154 1908 169 1929 2
190 1890 388 1928 traductos
409 1896 567 1939 propter
590 1888 667 1926 loci
696 1887 933 1926 fertilitatem
954 1887 1007 1925 ibi
1023 1886 1274 1934 consedisse3
1303 1888 1516 1936 Gallosque

189 1954 254 2003 qui
276 1968 322 1992 ea
342 1956 429 1992 loca
448 1953 664 1991 incolerent
690 1952 908 2002 expulisse3
937 1953 1121 2002 solosque
1148 1965 1233 1990 esse
1263 1951 1339 2001 qui,
1363 1958 1515 2001 patrum

188 2026 410 2057 nostrorum
438 2017 627 2056 memoria
653 2017 761 2056 omni
783 2016 909 2055 Gallia
929 2024 1075 2063 vexata,
1094 2018 1299 2054 Teutonos
1321 2015 1516 2055 Cimbros-

151 2097 169 2127 3
188 2097 264 2133 que
294 2083 393 2121 intra
422 2082 509 2121 finis
540 2096 631 2121 suos
660 2081 809 2132 ingredi
839 2080 1132 2131 prohibuerint:
1172 2094 1248 2130 qua
1282 2094 1328 2118 ex
1366 2093 1406 2118 re
1435 2078 1515 2117 fieri

187 2147 243 2186 uti
267 2161 400 2186 earum
426 2161 553 2185 rerum
584 2146 771 2185 memoria
800 2159 981 2196 magnam
1011 2145 1086 2184 sibi
1114 2144 1385 2184 auctoritatem
1415 2157 1516 2193 mag-

150 2228 169 2257 4
187 2225 339 2262 nosque
360 2211 514 2262 spiritus
535 2211 575 2249 in
595 2225 635 2250 re
656 2210 809 2249 militari
837 2218 1043 2249 sumerent.
1105 2212 1167 2248 De
1192 2223 1355 2248 numero
1380 2221 1514 2247 eorum

187 2276 321 2315 onmia
341 2291 382 2315 se
408 2277 553 2315 habere
579 2278 776 2326 explorata
804 2275 920 2314 Remi
947 2275 1143 2321 dicebant,
1166 2282 1369 2325 propterea
1392 2272 1511 2322 quod,

188 2340 544 2392 propinquitatibus
560 2340 905 2390 adfinitatibusque
922 2339 1131 2386 coniuncti,
1149 2346 1335 2390 quantam
1349 2336 1514 2387 quisque

538 2445 558 2473 6
579 2447 652 2484 post
667 2454 724 2474 eos
743 2443 817 2474 add.
839 2443 1038 2474 duodecimo
1057 2443 1110 2473 die
1129 2444 1150 2476 β

1545 865 1583 887 10

1543 1189 1578 1220 15

1536 2157 1576 2187 30
