1768 2739
632 135 676 173 C.
711 135 827 172 IVLI
858 133 1126 173 CAESARIS

213 246 357 285 tatibus
386 253 496 285 erant
524 251 627 292 nota,
657 257 920 295 magnamque
948 257 1007 282 res
1037 243 1279 293 diligentiam
1307 243 1538 294 requirebat,

212 325 293 349 non
322 311 362 349 in
391 324 546 349 summa
574 309 763 349 exercitus
793 310 940 348 tuenda
962 309 1130 359 (nullum
1157 309 1262 347 enim
1286 315 1438 359 poterat
1460 309 1541 347 uni-

210 375 330 415 versis
349 376 400 414 ab
420 375 630 426 perterritis
656 389 703 413 ac
728 374 912 425 dispersis
939 373 1155 424 periculum
1181 373 1387 423 accidere),
1410 374 1480 412 sed
1500 373 1539 411 in

211 441 372 492 singulis
392 441 580 479 militibus
601 440 878 479 conservandis
896 454 907 488 3
939 453 1040 489 quae
1064 446 1196 477 tamen
1217 452 1263 477 ex
1283 446 1391 489 parte
1410 452 1469 477 res
1488 440 1540 477 ad

171 523 191 553 4
211 508 378 545 salutem
408 505 598 545 exercitus
632 505 862 555 pertinebat.
933 506 1036 542 Nam
1072 511 1110 542 et
1147 504 1315 553 praedae
1346 503 1540 553 cupiditas
1559 513 1577 544 5

212 573 356 610 multos
387 571 541 620 longius
570 570 761 608 evocabat
785 576 822 607 et
849 568 967 607 silvae
991 568 1146 607 incertis
1168 568 1411 618 occultisque
1431 568 1540 607 itine-

173 635 317 684 5ribus
356 637 552 674 confertos
589 634 697 673 adire
735 633 1008 684 prohibebant.
1080 633 1119 671 Si
1158 633 1358 682 negotium
1397 632 1539 671 confici

145 707 151 712 “
210 701 451 752 stirpemque
483 699 691 739 hominum
730 700 1006 737 sceleratorum
1044 697 1208 736 interfici
1247 700 1370 745 vellet,
1412 697 1539 736 dimit-

171 774 190 805 6
210 767 353 804 tendae
381 767 510 816 plures
540 777 679 802 manus
710 763 1004 813 diducendique
1033 770 1142 801 erant
1171 762 1311 801 milites
1326 776 1337 809 3
1388 762 1419 800 si
1449 776 1539 800 con-

210 831 332 870 tinere
351 831 402 869 ad
423 830 534 881 signa
554 829 775 879 manipulos
795 829 921 875 vellet,
945 835 987 866 ut
1007 827 1183 865 instituta
1202 827 1299 865 ratio
1320 834 1358 865 et
1378 840 1539 865 consue·
1561 839 1600 861 10

209 897 310 934 tudo
327 895 517 934 exercitus
538 893 711 933 Romani
735 893 968 943 postulabat,
992 893 1101 930 locus
1129 891 1212 942 ipse
1239 899 1319 930 erat
1344 891 1539 942 praesidio

208 960 391 1008 barbaris,
416 974 546 1010 neque
579 973 626 998 ex
654 960 811 997 occulto
839 956 1053 996 insidiandi
1082 963 1119 995 et
1152 956 1349 1006 dispersos
1379 956 1539 994 circum-

173 1025 391 1073 7veniendi
421 1025 581 1075 singulis
611 1026 744 1063 deerat
772 1023 947 1062 audacia.
1008 1024 1064 1062 Ut
1092 1021 1131 1059 in
1160 1021 1354 1061 eiusmodi
1378 1021 1537 1060 difficul-

208 1091 363 1138 tatibus,
393 1098 585 1141 quantum
615 1088 817 1139 diligentia
846 1087 1040 1138 provideri
1066 1094 1218 1137 poterat
1247 1085 1534 1136 providebatur,

207 1163 249 1194 ut
270 1155 400 1206 potius
421 1154 460 1193 in
481 1156 664 1193 nocendo
690 1152 839 1203 aliquid
866 1151 1244 1202 praetermitteretur,
1267 1150 1339 1189 etsi
1358 1150 1537 1189 omnium
1560 1165 1597 1196 15

206 1221 327 1259 animi
347 1222 398 1259 ad
418 1220 690 1259 ulciscendum
719 1218 920 1264 ardebant,
944 1230 1063 1267 quam
1090 1230 1181 1255 cum
1210 1216 1343 1266 aliquo
1371 1215 1537 1254 militum

169 1298 186 1328 S
206 1286 444 1325 detrimento
473 1291 687 1324 noceretur.
750 1282 922 1321 Dimittit
950 1283 1002 1320 ad
1025 1281 1209 1319 finitimas
1239 1280 1413 1319 civitates
1442 1294 1539 1318 nun-

206 1350 280 1389 tios
302 1352 470 1390 Caesar:
500 1348 628 1388 omnis
652 1349 703 1387 ad
730 1361 771 1386 se
797 1353 911 1385 vocat
935 1359 1004 1396 spe
1033 1347 1201 1396 praedae
1224 1346 1275 1383 ad
1295 1344 1537 1394 diripiendos

208 1417 425 1462 Eburones,
444 1422 487 1453 ut
507 1414 636 1464 potius
657 1413 696 1451 in
718 1412 821 1451 silvis
843 1413 1046 1450 Gallorum
1066 1411 1144 1448 vita
1163 1423 1282 1460 quam
1303 1409 1537 1460 legionarius

207 1480 318 1518 miles
350 1478 597 1529 periclitetur,
628 1478 743 1516 simul
778 1484 820 1515 ut
852 1489 992 1526 magna
1022 1475 1273 1513 multitudine
1302 1474 1537 1513 circumfusa
1559 1489 1597 1511 20

168 1562 187 1593 9
207 1558 277 1595 pro
298 1543 364 1582 tali
384 1543 556 1582 facinore
576 1542 689 1592 stirps
713 1555 759 1579 ac
786 1554 932 1579 nomen
954 1539 1118 1578 civitatis
1139 1541 1305 1578 tollatur.
1367 1540 1536 1589 Magnus

206 1609 383 1659 undique
402 1621 588 1646 numerus
609 1606 784 1645 celeriter
803 1605 997 1644 convenit.

137 1674 187 1713 35
262 1676 376 1712 Haec
410 1673 450 1710 in
484 1671 669 1711 omnibus
703 1671 935 1709 Eburonum
970 1669 1144 1720 partibus
1176 1669 1410 1719 gerebantur
1439 1668 1536 1707 dies-

206 1753 283 1789 que
311 1738 525 1789 appetebat
553 1736 754 1787 septimus,
777 1749 896 1785 quem
921 1736 972 1773 ad
996 1734 1103 1773 diem
1125 1735 1270 1774 Caesar
1293 1735 1344 1772 ad
1373 1733 1536 1783 impedi-

170 1821 184 1841 2
207 1811 340 1843 menta
362 1803 638 1854 legionemque
667 1800 804 1840 reverti
828 1799 1092 1839 constituerat.
1158 1799 1238 1837 Hic
1267 1806 1459 1849 quantum
1495 1798 1535 1836 in
1558 1813 1596 1844 25

205 1870 311 1909 bello
349 1871 505 1908 fortuna
547 1867 671 1918 possit
709 1874 748 1905 et
789 1873 959 1916 quantos
1002 1866 1154 1903 adferat
1196 1877 1308 1902 casus
1347 1862 1535 1913 cognosci

169 1950 186 1979 3
205 1934 343 1985 potuit.
404 1931 612 1982 Dissipatis
640 1945 688 1970 ac
718 1930 927 1982 perterritis
958 1929 1149 1976 hostibus,
1181 1936 1224 1967 ut
1255 1926 1535 1967 demonstravi-

205 2012 303 2045 mus,
331 2010 471 2036 manus
498 2004 579 2036 erat
604 1997 712 2034 nulla
736 2009 837 2045 quae
861 2008 1021 2045 parvam
1050 1994 1173 2032 modo
1200 2006 1359 2031 causam
1384 1991 1533 2030 timoris

166 2078 185 2106 4
204 2064 381 2101 adferret.
435 2064 560 2099 Trans
582 2062 770 2099 Rhenum
786 2061 838 2098 ad
854 2061 1073 2097 Germanos
1094 2057 1271 2108 pervenit
1286 2059 1399 2103 fama,
1419 2055 1533 2105 diripi

166 2140 182 2169 5
206 2128 413 2166 Eburones
437 2134 557 2176 atque
581 2127 683 2164 ultro
707 2124 836 2164 omnis
859 2125 911 2163 ad
932 2124 1119 2174 praedam
1149 2121 1313 2161 evocari.
1373 2122 1533 2171 Cogunt
1552 2136 1594 2167 30

204 2192 381 2242 equitum
413 2193 494 2230 duo
526 2190 632 2229 milia
662 2188 878 2239 Sugambri,
909 2188 976 2238 qui
1006 2196 1096 2227 sunt
1126 2187 1292 2237 proximi
1322 2188 1476 2233 Rheno,
1509 2199 1532 2224 a

204 2256 346 2305 quibus
380 2263 559 2305 receptos
591 2269 637 2293 ex
670 2256 761 2304 fuga
791 2255 1008 2292 Tencteros
1042 2259 1160 2302 atque
1196 2251 1380 2301 Usipetes
1415 2263 1530 2300 supra

246 2369 266 2396 3
290 2359 330 2388 ab
348 2358 433 2389 codd.
452 2357 544 2389 deser.
562 2370 568 2388 :
593 2369 656 2388 om.
678 2355 715 2386 X
866 2357 885 2386 8
911 2356 1011 2386 vellet
1029 2355 1115 2386 codd.
1133 2355 1200 2385 dno
1214 2355 1305 2385 detcr.
1323 2365 1327 2383 :
1354 2353 1480 2384 vellent
1496 2351 1534 2382 X

208 2413 246 2432 10
270 2402 369 2432 vellet
384 2403 406 2435 β
422 2412 429 2432 :
453 2401 581 2431 vellent
597 2412 617 2430 a
753 2401 790 2429 18
815 2400 856 2431 ad
875 2409 911 2430 se
928 2403 1025 2430 vocat
1042 2410 1061 2428 α
1076 2409 1082 2429 :
1108 2402 1222 2429 evocat
1238 2400 1261 2432 β
