1768 2739
653 172 695 209 C.
731 173 845 210 IVLI
878 173 1146 211 CAESARIS

191 299 209 327 4
233 283 356 321 exutis
396 296 436 321 se
476 283 515 320 in
550 290 672 320 castra
712 282 1029 332 munitionesque
1069 295 1155 320 suas
1195 282 1395 332 recipiunt.
1467 284 1559 332 Quo

232 346 380 397 proelio
401 349 515 393 sacto,
531 348 639 397 quod
660 346 813 396 saepius
834 348 1026 385 fortunam
1045 354 1234 396 temptare
1256 348 1381 386 Galba
1401 348 1560 386 nolebat

232 419 349 462 atque
381 412 457 450 alio
489 426 529 450 se
564 412 602 450 in
636 412 799 450 hiberna
830 412 994 450 consilio
1025 412 1176 450 venisse
1208 412 1449 459 meminerat,
1476 412 1560 450 aliis

233 476 447 515 occurrisse
481 477 596 514 rebus
627 476 786 523 viderat,
819 476 986 514 maxime
1020 477 1201 515 frumenti
1238 484 1560 527 commeatusque

235 541 367 591 inopia
398 549 598 591 permotus
632 548 789 590 postero
828 541 892 579 die
921 541 1105 579 omnibus
1139 541 1221 579 eius
1260 541 1334 579 vici
1372 541 1560 580 aedificiis

192 621 209 652 5
235 606 404 645 incensis
444 607 483 644 in
518 605 758 656 provinciam
798 605 935 643 reverti
969 606 1182 653 contendit,
1216 620 1262 644 ac
1300 608 1408 644 nullo
1447 608 1560 645 hoste

234 671 469 720 prohibente
507 677 574 708 aut
612 670 683 708 iter
730 671 960 708 demorante
1002 670 1242 708 incolumem
1287 670 1481 721 legionem
1520 671 1558 709 in

236 736 465 781 Nantuates,
496 735 588 773 inde
618 734 658 772 in
687 735 919 784 Allobroges
949 734 1127 784 perduxit
1154 734 1288 784 ibique
1317 734 1511 774 hiemavit.

192 804 215 844 7
292 799 368 838 His
388 799 504 837 rebus
523 798 652 849 gestis,
675 812 765 837 cum
790 798 974 837 omnibus
994 798 1194 837 decausis
1215 800 1359 837 Caesar
1382 807 1559 849 pacatam

237 864 404 904 Galliam
443 863 688 910 existimaret,
725 863 913 913 superatis
952 863 1092 914 Belgis,
1133 863 1302 913 expulsis
1341 864 1558 911 Germanis,

234 928 344 967 victis
365 929 404 966 in
426 928 594 979 Alpibus
615 927 795 975 Sedunis‚
817 936 935 978 atque
955 928 1008 966 ita
1028 928 1122 966 inita
1145 928 1276 966 hieme
1300 928 1339 966 in
1362 928 1558 978 Illyricum

232 994 429 1043 profectus
451 1001 563 1040 esset,
586 994 694 1042 quod
719 1006 783 1031 eas
808 1005 967 1042 quoque
994 992 1171 1030 nationes
1198 992 1305 1031 adire
1325 1000 1363 1030 et
1383 993 1560 1043 regiones

232 1071 470 1108 cognoscere
494 1058 662 1105 volebat,
686 1057 859 1096 subitum
889 1058 1036 1095 bellum
1064 1057 1103 1094 in
1132 1056 1258 1095 Gallia
1284 1064 1462 1095 coortum
1489 1064 1556 1095 est.

194 1139 208 1160 2
233 1122 328 1161 Eius
362 1122 455 1161 belli
489 1123 586 1160 haec
620 1121 691 1160 fuit
725 1135 851 1160 causa.
927 1124 967 1160 P.
1006 1123 1168 1161 Crassus
1206 1123 1438 1160 adulescens
1470 1135 1559 1160 cum

232 1186 385 1238 legione
429 1186 595 1237 septima
637 1186 835 1237 proximus
884 1200 989 1225 mare
1037 1187 1242 1224 Oceanum
1290 1186 1329 1223 in
1378 1185 1560 1224 Andibus

194 1259 210 1287 3
234 1252 430 1290 hiemarat.
493 1253 543 1298 Is,
567 1252 675 1301 quod
700 1251 738 1288 in
766 1251 825 1288 his
849 1251 945 1289 locis
972 1250 1105 1300 inopia
1133 1250 1315 1289 frumenti
1343 1258 1433 1297 erat,
1456 1264 1561 1301 prae—

233 1318 356 1355 fectos
387 1316 643 1366 tribunosque
675 1316 841 1354 militum
871 1315 1082 1365 compluris
1110 1315 1148 1352 in
1174 1315 1357 1353 finitimas
1387 1314 1560 1353 civitates

192 1393 211 1423 4
234 1381 417 1420 frumenti
445 1395 561 1419 causa
588 1381 762 1427 dimisit;
803 1393 883 1429 quo
908 1380 945 1417 in
971 1393 1136 1418 numero
1160 1387 1217 1417 est
1242 1381 1286 1417 T.
1317 1379 1560 1418 Terrasidius

234 1446 375 1484 missus
414 1446 452 1483 in
496 1445 678 1491 Esubios,
723 1447 776 1482 M.
819 1444 987 1483 Trebius
1027 1446 1163 1482 Gallus
1208 1444 1246 1481 in
1291 1444 1558 1490 Curiosolitas‚

235 1512 282 1559 Q.
307 1510 495 1549 Velanius
517 1524 605 1548 cum
628 1512 672 1547 T.
698 1510 792 1548 Silio
813 1510 852 1547 in
873 1511 1057 1547 Venetos.

188 1568 213 1605 8
291 1575 420 1613 Huius
442 1583 499 1613 est
521 1574 684 1612 civitatis
706 1576 819 1624 longe
839 1574 1079 1624 amplissima
1098 1574 1307 1612 auctoritas
1328 1575 1455 1612 omnis
1471 1587 1562 1612 orae

235 1640 450 1677 maritimae
485 1639 687 1689 regionum
723 1652 867 1685 earum,
899 1639 1007 1688 quod
1037 1647 1075 1676 et
1105 1638 1213 1676 navis
1243 1638 1389 1676 habent
1420 1638 1561 1677 Veneti

233 1704 430 1754 plurimas,
472 1704 615 1754 quibus
658 1704 697 1741 in
738 1703 977 1741 Britanniam
1018 1702 1197 1753 navigare
1235 1710 1484 1748 consuerunt,
1525 1710 1562 1740 et

234 1768 396 1807 scientia
424 1776 543 1818 atque
575 1782 647 1806 usu
679 1768 921 1806 nauticarum
954 1780 1079 1805 rerum
1112 1767 1280 1816 reliquos
1309 1767 1559 1812 antecedunt,

234 1841 272 1871 et
304 1833 342 1871 in
375 1847 518 1884 magno
552 1833 701 1883 impetu
736 1833 850 1871 maris
889 1841 1006 1882 atque
1043 1840 1179 1882 aperto
1217 1831 1351 1881 paucis
1385 1830 1561 1881 portibus

234 1898 456 1945 interiectis,
491 1912 590 1948 quos
630 1906 764 1936 tenent
799 1897 882 1947 ipsi,
919 1897 1047 1935 omnis
1082 1898 1159 1935 sere
1194 1896 1260 1946 qui
1295 1909 1342 1934 eo
1377 1895 1471 1933 mari
1506 1896 1561 1933 uti

197 1975 211 1997 2
236 1971 474 2002 consuerunt
505 1964 652 2002 habent
680 1962 887 2012 vectigalis.
948 1963 1011 2000 Ab
1039 1961 1098 1999 his
1122 1963 1164 1999 fit
1192 1961 1344 1999 initium
1370 1960 1561 1998 retinendi

235 2027 301 2065 Sili
350 2036 469 2077 atque
509 2027 660 2073 Velani,
702 2028 810 2077 quod
849 2040 918 2076 per
955 2040 1022 2064 eos
1062 2039 1152 2064 suos
1186 2039 1227 2064 se
1266 2024 1423 2063 obsides
1462 2037 1561 2074 quos

196 2103 213 2132 3
234 2093 376 2130 Crasso
408 2092 609 2131 dedissent
644 2092 924 2142 reciperaturos
948 2091 1231 2129 existimabant.
1292 2091 1448 2127 Horum
1474 2102 1562 2127 auc-

233 2156 386 2195 toritate
423 2157 576 2195 finitimi
616 2157 788 2203 adducti,
826 2164 867 2194 ut
906 2164 995 2194 sunt
1030 2157 1231 2194 Gallorum
1271 2154 1399 2193 subita
1438 2162 1474 2192 et
1509 2167 1563 2191 re-

234 2221 395 2269 pentina
423 2221 595 2268 consilia,
620 2223 758 2260 eadem
784 2222 833 2259 de
860 2234 977 2259 causa
1003 2220 1192 2259 Trebium
1218 2218 1562 2267 Terrasidiumque

235 2285 412 2332 retinent,
443 2294 480 2324 et
508 2286 682 2324 celeriter
709 2285 834 2323 missis
860 2285 995 2335 legatis
1025 2299 1093 2335 per
1121 2298 1212 2323 suos
1242 2283 1434 2334 principes
1463 2282 1562 2321 inter

235 2362 276 2386 se
297 2350 512 2397 coniurant,
531 2350 626 2388 nihil
648 2350 720 2388 nisi
736 2350 938 2388 communi
954 2350 1117 2388 consilio
1137 2357 1291 2387 acturos
1312 2348 1561 2396 eundemque

239 2463 251 2482 1
262 2462 273 2482 1
296 2454 328 2482 in
342 2464 406 2484 om,
417 2452 499 2483 A'T
575 2453 615 2483 28
629 2457 702 2493 post
711 2453 840 2484 Velanii
853 2452 928 2484 add.
943 2458 975 2483 et
990 2454 1017 2483 si
1030 2462 1113 2492 quos
1126 2452 1328 2490 intercipere
1341 2454 1524 2490 potuerunt
1538 2452 1560 2483 β

1580 553 1597 583 5

1581 874 1621 896 10

1583 1197 1619 1229 15

1582 1519 1622 1542 20

1582 1843 1619 1874 25

1582 2165 1622 2195 30
