1706 2729
406 153 480 189 DE
510 151 689 189 BELLO
719 151 964 190 GALLICO
994 151 1097 189 LIB.
1130 151 1148 188 I

114 270 224 301 erant
261 261 416 312 cogniti,
457 268 498 299 ut
536 260 575 299 in
615 260 757 299 finibus
800 260 879 299 suis
928 263 1175 308 collocarent,
1216 261 1434 307 concessit3

114 327 259 377 quibus
288 326 341 364 illi
369 339 481 375 agros
512 326 715 372 dederunt,
739 338 918 375 quosque
948 332 1084 374 postea
1112 325 1151 364 in
1182 340 1313 375 parem
1344 325 1435 364 iuris

115 390 379 439 libertatisque
399 388 673 427 condicionem
686 396 812 438 ‘atque
833 388 905 439 ipsi
925 397 1033 427 erant
1054 387 1292 439 receperunt.

170 457 218 493 In
256 453 386 492 castris
428 453 700 492 Helvetiorum
739 454 894 492 tabulae
941 461 1114 502 repertae
1162 462 1251 492 sunt
1299 454 1433 492 litteris
1453 465 1508 502 29

78 530 94 560 5
116 517 273 557 Graecis
294 518 507 564 confectae,
530 524 567 555 et
587 518 637 555 ad
659 518 867 557 Caesarem
894 518 1045 563 relatae,
1070 517 1211 567 quibus
1232 518 1271 555 in
1292 518 1434 556 tabulis

115 580 347 620 nominatim
377 580 473 619 ratio
502 582 682 619 confecta
711 589 801 627 erat,
834 580 900 631 qui
930 595 1114 619 numerus
1145 582 1266 620 domo
1296 581 1437 620 exisset

115 659 260 692 eorum,
296 645 363 695 qui
400 659 506 683 arma
544 647 639 684 ferre
674 653 844 695 possent,
877 653 915 684 et
946 646 1039 684 item
1074 645 1280 695 separatim
1314 646 1433 696 pueri,

114 725 226 751 senes
256 711 524 761 mulieresque.
598 712 775 760 Quarum
801 711 978 749 omnium
1008 724 1135 749 rerum
1170 724 1324 750 summa
1357 718 1438 750 erat
1459 726 1473 746 2

115 775 285 825 capitum
343 775 614 814 Helvetiorum
664 775 770 813 milia
816 787 982 821 CCLxul,
1025 775 1283 824 Tulingorum
1332 775 1439 814 milia

59 855 96 876 10
115 852 257 886 xxxvl,
302 840 576 878 Latovicorum
620 852 727 887 xlm,
774 840 1033 878 Rauricorum
1081 852 1200 887 xxm,
1249 839 1436 878 Boiorum

114 915 234 941 xxxu
254 919 260 941 :
288 918 333 942 ex
346 903 405 941 his
422 903 487 954 qui
508 918 615 942 arma
630 905 726 942 ferre
740 911 912 953 possent,
929 905 980 942 ad
996 903 1102 942 milia
1114 903 1328 953 nonaginta
1343 904 1434 943 duo.

114 970 276 1007 Summa
303 968 480 1007 omnium
515 970 669 1007 fuerunt
698 969 749 1007 ad
780 968 885 1006 milia
913 980 1132 1007 CCCvaffl.
1194 970 1340 1007 Eorum
1370 968 1437 1018 qui
1459 981 1476 1011 3

113 1033 277 1070 domum
316 1032 511 1071 redierunt
549 1046 668 1071 censu
707 1032 853 1079 habito,
893 1040 935 1070 ut
983 1034 1126 1072 Caesar
1170 1032 1435 1083 imperaverat,

115 1103 286 1145 repertus
307 1103 364 1134 est
385 1109 568 1134 numerus
589 1096 738 1134 milium
759 1108 783 1135 C
803 1104 841 1135 et
861 1097 1010 1135 decem.

58 1176 94 1206 15
170 1161 280 1197 Bello
316 1159 587 1198 Helvetiorum
621 1162 812 1206 confecto,
854 1160 972 1199 totius
1007 1162 1085 1199 fere
1124 1161 1274 1200 Galliae
1308 1161 1432 1212 legati,
1455 1175 1509 1211 30

114 1222 308 1272 principes
329 1223 540 1269 civitatum,
562 1225 613 1262 ad
643 1225 851 1263 Caesarem
881 1225 1113 1273 gratulatum
1144 1233 1434 1264 convenerunt:

114 1287 335 1337 intellegere
364 1301 457 1334 sese,
482 1288 635 1326 tametsi
662 1302 732 1338 pro
761 1288 955 1327 veteribus
986 1289 1258 1328 Helvetiorum
1289 1289 1436 1328 iniuriis
1459 1304 1472 1323 2

114 1352 248 1401 populi
281 1352 451 1390 Romani
481 1353 531 1390 ab
559 1352 618 1390 his
648 1366 794 1402 poenas
827 1353 930 1391 bello
961 1353 1173 1402 repetisset,
1196 1362 1328 1392 tamen
1349 1368 1435 1393 eam

113 1430 194 1455 rem
221 1430 301 1455 non
328 1416 456 1455 minus
483 1430 529 1455 ex
549 1430 621 1455 usu
646 1424 767 1456 terrae
789 1417 938 1456 Galliae
968 1431 1086 1467 quam
1107 1418 1242 1468 populi
1265 1418 1436 1457 Romani

56 1497 95 1518 20
112 1481 324 1529 accidisse3
357 1490 561 1532 propterea
592 1484 699 1532 quod
734 1496 782 1521 eo
816 1482 980 1521 consilio
1010 1482 1291 1521 florentissimis
1321 1483 1435 1521 rebus
1458 1497 1474 1526 3

113 1548 253 1585 domos
284 1560 373 1585 suas
408 1546 581 1585 Helvetii
615 1547 869 1597 reliquissent,
904 1547 960 1585 uti
994 1547 1064 1585 toti
1100 1547 1249 1586 Galliae
1289 1548 1435 1586 bellum

113 1610 295 1649 inferrent
342 1610 585 1661 imperioque
623 1611 848 1660 potirentur,
890 1613 1101 1661 locumque
1144 1611 1346 1650 domicilio
1390 1625 1437 1650 ex

114 1688 255 1724 magna
283 1674 397 1724 copia
426 1675 638 1724 deligerent
668 1690 785 1726 quem
816 1690 862 1714 ex
896 1675 1004 1714 omni
1035 1675 1162 1714 Gallia
1191 1675 1435 1725 opportunis-

115 1738 257 1777 simum
277 1752 323 1776 ac
342 1738 693 1778 fructuosissimum
713 1739 961 1785 iudicassent,
991 1739 1237 1789 reliquasque
1261 1739 1435 1778 civitates

59 1817 96 1848 25
116 1802 384 1852 stipendiarias
415 1803 613 1842 haberent.
674 1804 872 1843 Petierunt
899 1803 954 1842 uti
982 1803 1055 1841 sibi
1082 1802 1292 1841 concilium
1317 1803 1435 1842 totius
1454 1815 1474 1845 4

117 1866 266 1905 Galliae
295 1866 333 1904 in
363 1867 468 1906 diem
498 1875 643 1906 certam
677 1867 849 1907 indicere
879 1867 998 1917 idque
1029 1866 1205 1906 Caesaris
1235 1868 1435 1907 voluntate

114 1931 239 1969 facere
258 1930 412 1970 liceret:
443 1944 527 1969 sese
553 1932 697 1970 habere
726 1933 917 1981 quasdam
944 1945 1003 1970 res
1033 1945 1129 1981 quas
1156 1945 1202 1969 ex
1233 1931 1434 1970 communi

114 2007 307 2033 consensu
340 1995 391 2033 ab
425 2009 473 2034 eo
511 2003 641 2045 petere
678 1998 830 2034 vellent.
905 1998 963 2034 Ea
1009 2009 1048 2034 re
1091 1996 1287 2045 permissa,
1328 1995 1433 2035 diem
1455 2011 1472 2042 5

114 2058 281 2097 concilio
310 2059 594 2098 constituerunt
624 2067 661 2098 et
685 2059 766 2098 iure
795 2060 960 2098 iurando
990 2073 1039 2098 ne
1078 2059 1164 2109 quis
1203 2059 1432 2106 enuntiaret,

55 2136 95 2166 30
113 2121 187 2160 nisi
225 2122 366 2172 quibus
408 2124 608 2162 communi
647 2124 810 2163 consilio
849 2125 1079 2163 mandatum
1118 2131 1229 2171 esset,
1262 2124 1361 2163 inter
1394 2138 1435 2163 se

113 2195 331 2225 sanxerunt.

167 2252 227 2289 Eo
258 2250 424 2290 concilio
456 2251 626 2298 dimisso,
660 2252 764 2291 idem
795 2251 987 2302 principes
1019 2252 1216 2291 civitatum
1249 2252 1314 2302 qui
1344 2259 1434 2291 ante
1453 2257 1497 2294 31

115 2390 133 2420 d
158 2357 176 2376 2
201 2357 315 2420 ρῗὲειτι
333 2347 463 2378 Aldus:
489 2354 618 2388 partem
636 2348 672 2378 X
824 2358 861 2386 13
886 2348 1020 2380 domum
1044 2349 1086 2379 T:
1114 2350 1213 2380 domo
1232 2345 1364 2380 MB'U:
1391 2349 1432 2380 de

137 2400 213 2420 omo

157 2451 298 2473 CAESAR.
319 2452 384 2473 3.(5.
573 2458 576 2460 ,
1329 2446 1346 2476 ’.ζ
