1768 2739
672 131 715 168 C.
751 130 865 167 IVLI
897 130 1166 169 CAESARIS

254 238 432 280 eiusdem
471 240 634 291 legionis
673 241 859 289 centurio,
901 255 991 280 curn
1030 249 1161 291 portas
1200 241 1379 281 excidere
1416 249 1581 280 conatus

252 313 363 352 esset,
387 319 409 343 a
430 305 681 345 multitudine
701 319 909 356 oppressus
929 320 974 344 ac
1002 306 1075 345 sibi
1096 307 1318 356 desperans,
1341 306 1474 344 multis
1503 306 1579 345 iam

251 370 476 409 vulneribus
514 370 695 420 acceptis,
733 371 1039 421 manipularibus
1079 371 1167 418 suis,
1205 371 1271 421 qui
1310 371 1419 410 illum
1457 371 1580 410 secuti

251 442 371 482 erant,
406 435 656 484 ‘Quoniam,'
685 435 821 485 inquit,
857 440 941 474 ‘me
971 450 1049 474 una
1078 436 1282 475 vobiscum
1317 450 1467 475 servare
1498 450 1579 475 non

251 513 423 549 possum,
446 508 595 539 vestrae
616 500 777 550 quidem
798 509 901 539 certe
922 501 1022 540 vitae
1043 501 1290 551 prospiciam,
1313 515 1412 552 quos
1432 501 1580 552 cupidi·
1600 517 1618 549 5

251 572 329 603 tate
349 564 492 614 gloriae
512 566 706 603 adductus
731 565 771 603 in
797 565 1013 614 periculum
1035 566 1190 604 deduxi.
1250 568 1333 605 Vos
1353 568 1444 606 data
1463 568 1580 605 facul-

214 645 231 676 5
251 636 329 667 tate
352 629 463 667 vobis
494 629 709 667 consulite.’
766 629 889 668 Simul
918 629 958 667 in
988 630 1139 669 medios
1169 630 1291 668 hostis
1321 630 1455 680 irrupit
1483 632 1579 670 duo-

250 693 403 743 busque
451 693 662 732 interfectis
707 693 877 744 reliquos
920 708 942 732 a
987 702 1098 744 porta
1144 696 1305 744 paulum
1353 695 1575 734 summovit.

211 757 497 797 6Conantibus
535 758 708 796 auxiliari
752 758 840 805 suis,
886 761 1087 806 ‘Frustra,'
1125 759 1262 809 inquit,
1307 764 1439 798 ‘meae
1476 760 1578 799 vitae

248 822 456 861 subvenire
485 823 692 870 conamini,
726 837 845 874 quem
874 823 951 862 iam
981 824 1136 874 sanguis
1165 824 1344 874 viresque
1375 824 1574 864 deficiunt.
1599 842 1638 864 10

249 887 419 926 Proinde
463 887 578 934 abite,
623 889 718 926 dum
766 896 823 927 est
870 890 1044 936 facultas,
1087 903 1236 940 vosque
1282 890 1334 928 ad
1381 889 1576 940 legionem

247 952 430 1002 recipite.’
489 954 549 991 Ita
578 966 756 1003 pugnans
786 961 874 1003 post
901 955 1061 1004 paulum
1091 954 1265 993 concidit
1291 968 1337 992 ac
1357 954 1437 993 suis
1463 955 1577 994 saluti

246 1017 327 1055 fuit.

184 1094 227 1131 51
301 1082 444 1129 Nostri,
482 1097 572 1121 cum
613 1083 788 1134 undique
826 1092 1105 1133 premerentur,
1142 1096 1239 1122 XLVI
1280 1084 1575 1124 centurionibus

245 1146 396 1186 amissis
426 1147 568 1186 deiecti
601 1156 691 1186 sunt
724 1150 822 1187 loco.
895 1150 973 1188 Sed
1008 1149 1278 1188 intolerantius
1310 1151 1444 1189 Gallos
1477 1150 1575 1189 inse-
1596 1166 1633 1198 15

245 1212 400 1262 quentis
439 1213 540 1264 legio
579 1213 733 1252 decima
772 1214 946 1260 tardavit,
988 1228 1090 1265 quae
1132 1228 1202 1265 pro
1241 1214 1418 1254 subsidio
1457 1217 1575 1265 paulo

210 1293 223 1313 2
244 1278 428 1327 aequiore
459 1280 548 1316 loco
583 1278 818 1317 constiterat.
880 1281 998 1317 Hanc
1033 1293 1162 1318 rursus
1196 1292 1286 1318 X111.
1319 1280 1482 1331 legionis
1513 1294 1576 1320 co-

245 1344 375 1381 hortes
405 1352 651 1393 exceperunt,
679 1358 780 1393 quae
804 1358 850 1383 ex
878 1344 1011 1382 castris
1042 1344 1258 1384 minoribus
1288 1347 1454 1384 eductae
1483 1359 1573 1384 cum

208 1417 225 1446 3
244 1409 288 1445 T.
313 1408 443 1447 Sextio
465 1410 591 1458 legato
612 1417 795 1458 ceperant
816 1410 947 1447 locum
969 1409 1218 1458 superiorem.
1280 1410 1484 1460 Legiones,
1506 1410 1574 1449 ubi

243 1471 411 1522 primum
450 1472 651 1522 planitiem
690 1473 909 1523 attigerunt,
947 1473 1096 1512 infestis
1134 1483 1269 1513 contra
1301 1475 1423 1514 hostis
1455 1475 1573 1525 signis
1595 1493 1635 1515 20

205 1550 223 1578 4
243 1537 510 1575 constiterunt.
571 1537 864 1587 Vercingetorix
893 1538 943 1576 ab
974 1538 1170 1577 radicibus
1205 1539 1314 1577 collis
1349 1553 1440 1578 suos
1474 1539 1574 1578 intra

244 1601 481 1640 munitiones
502 1601 663 1640 reduxit.
726 1604 785 1640 Eo
815 1601 879 1640 die
907 1601 1048 1641 milites
1073 1611 1163 1641 sunt
1190 1605 1308 1654 paulo
1334 1603 1463 1642 minus
1490 1618 1574 1655 sep-

243 1665 405 1714 tingenti
427 1666 645 1704 desiderati.

172 1736 222 1773 52
298 1732 458 1769 Postero
479 1730 543 1769 die
564 1732 708 1770 Caesar
728 1731 913 1770 contione
933 1733 1125 1771 advocata
1145 1732 1404 1771 temeritatem
1425 1733 1574 1784 cupidi-

242 1802 440 1844 tatemque
471 1794 638 1833 militum
668 1796 928 1846 reprehendit,
955 1799 1064 1847 quod
1091 1797 1165 1835 sibi
1192 1797 1265 1848 ipsi
1295 1797 1572 1837 iudicavissent
1594 1806 1631 1837 25

241 1872 320 1908 quo
340 1860 638 1908 procedendum
659 1868 725 1898 aut
748 1860 844 1910 quid
869 1863 1066 1912 agendum
1091 1862 1286 1900 videretur
1309 1876 1439 1912 neque
1459 1862 1571 1913 signo

240 1923 453 1973 recipiendi
491 1925 584 1962 dato
631 1925 897 1965 constitissent
939 1941 1068 1977 neque
1110 1928 1159 1965 ab
1199 1927 1363 1966 tribunis
1403 1927 1571 1966 militum

203 2007 217 2027 2
239 1988 452 2038 legatisque
479 1989 633 2028 retineri
658 1991 888 2040 potuissent.
949 1992 1141 2042 Exposuit
1168 1992 1264 2042 quid
1290 1993 1474 2043 iniquitas
1494 1992 1571 2032 loci

238 2060 381 2102 posset,
408 2053 504 2103 quid
528 2053 612 2104 ipse
636 2056 688 2094 ad
712 2056 922 2094 Avaricum
950 2057 1145 2103 sensisset,
1173 2071 1263 2095 curn
1293 2057 1377 2096 sine
1403 2059 1506 2096 duce
1532 2066 1570 2096 et

238 2117 320 2155 sine
359 2118 535 2168 equitatu
574 2121 829 2170 deprehensis
868 2121 1047 2159 hostibus
1090 2124 1328 2171 exploratam
1367 2122 1568 2161 victoriam
1589 2132 1629 2162 30

237 2182 446 2221 dimisisset
485 2198 535 2222 ne
569 2198 731 2234 parvum
767 2187 887 2224 modo
927 2186 1207 2225 detrimentum
1242 2187 1281 2225 in
1313 2187 1568 2227 contentione

200 2255 393 2296 3propter
433 2248 679 2299 iniquitatem
718 2249 794 2288 loci
832 2250 1052 2298 accideret,
1092 2260 1241 2301 quanto
1279 2265 1397 2301 opere
1431 2265 1567 2290 eorum

281 2360 299 2379 2
324 2351 387 2381 sibi
405 2354 426 2385 β
443 2364 449 2383 :
481 2353 531 2383 sui
549 2365 567 2383 a
712 2364 752 2384 22
778 2354 879 2393 paulo
896 2356 918 2387 Β
936 2366 942 2385 :
977 2354 1077 2393 paulfi
1095 2367 1113 2385 α
1261 2357 1304 2386 28
1329 2355 1496 2395 Exposuit
1523 2368 1542 2386 α
1558 2368 1565 2387 :

238 2392 400 2433 Exposito
417 2397 439 2429 β
571 2407 612 2434 29
636 2397 734 2438 quid]
754 2399 843 2436 quod
866 2398 1032 2428 Vz'ellzaber
1161 2410 1202 2438 32
1227 2400 1396 2438 acciperet
1412 2403 1435 2434 β
