1768 2739
676 119 719 156 (7.
755 119 870 156 IVLI
903 119 1172 158 CAESARIS

219 247 237 278 4
258 228 440 278 positum,
474 235 516 267 ut
554 229 673 278 paulo
706 236 797 267 ante
835 230 886 267 de
921 228 1076 267 Lutetia
1114 228 1292 268 diximus.
1372 229 1584 281 Deprensis

258 293 423 331 navibus
451 292 602 331 circiter
628 293 913 344 quinquaginta
938 293 1192 343 celeriterque
1220 294 1440 334 coniunctis
1467 303 1584 346 atque

258 371 306 395 eo
344 357 530 395 militibus
562 357 714 396 iniectis
752 366 792 397 et
824 358 878 397 rei
912 358 1084 397 novitate
1118 358 1326 408 perterritis
1365 359 1583 410 oppidanis,

257 435 424 472 quorum
446 436 587 472 magna
602 436 690 473 pars
707 430 788 461 erat
802 424 853 461 ad
874 424 1021 461 bellum
1038 431 1209 470 evocata,
1229 423 1312 461 sine
1332 424 1586 463 contentione

220 498 236 529 5
258 487 406 537 oppido
432 487 587 537 potitur.
660 490 828 526 Refecto
854 497 985 538 ponte,
1011 502 1130 538 quem
1155 487 1419 537 superioribus
1445 488 1585 527 diebus
1605 507 1621 537 5

258 552 390 590 hostes
422 551 671 598 rescideram,
704 552 915 591 exercitum
948 553 1117 592 traducit
1146 561 1183 591 et
1217 554 1393 591 secundo
1423 553 1585 592 flumine

218 622 237 651 6
256 617 306 654 ad
328 616 524 654 Lutetiam
552 616 623 654 iter
652 617 778 655 facere
805 617 945 667 coepit.
1018 620 1178 663 Hostes,
1208 631 1247 655 re
1274 616 1430 666 cognita
1456 618 1506 655 ab
1530 617 1584 656 eis

256 680 322 730 qui
352 680 577 719 Metiosedo
612 682 800 730 fugerant,
835 682 1032 721 Lutetiam
1066 681 1224 720 incendi
1258 681 1468 731 pontisque
1502 682 1583 720 eius

256 744 391 795 oppidi
429 744 596 783 rescindi
637 745 801 792 iubent:
849 746 921 795 ipsi
961 746 1124 797 profecti
1161 760 1184 784 a
1224 747 1367 796 palude
1401 747 1451 783 ad
1484 746 1584 796 ripas

255 810 460 859 Sequanae
476 822 497 847 e
511 809 668 859 regione
686 810 865 849 Lutetiae
881 819 1017 849 contra
1037 810 1201 849 Labieni
1217 818 1341 848 castra
1360 810 1581 848 considunt.
1606 828 1645 850 ιο

177 878 233 917 59
309 875 393 912 Iam
427 876 571 913 Caesar
600 888 623 913 a
658 875 852 925 Gergovia
883 875 1107 914 discessisse
1144 875 1386 921 audiebatur,
1422 875 1498 912 iam
1535 876 1585 913 de

253 939 483 977 Aeduorum
524 939 748 978 defectione
786 947 825 978 et
863 942 1041 979 secundo
1076 940 1227 979 Galliae
1262 947 1372 978 motu
1411 952 1584 978 rumores

251 1004 536 1050 adferebantur,
571 1004 754 1054 Gallique
785 1005 824 1042 in
854 1004 1060 1055 colloquiis
1098 1004 1351 1043 interclusum
1382 1003 1518 1042 itinere
1547 1012 1585 1042 et

253 1067 391 1118 Ligere
423 1069 632 1107 Caesarem
667 1068 800 1119 inopia
837 1069 1021 1108 frumenti
1053 1076 1235 1107 coactum
1270 1068 1310 1106 in
1343 1068 1584 1118 provinciam

216 1151 230 1171 2
252 1133 503 1172 contendisse
551 1134 848 1172 confirmabant.
936 1134 1134 1173 Bellovaci
1177 1141 1322 1179 autem,
1362 1133 1584 1172 defectione
1607 1152 1641 1182 ¹5

252 1199 483 1236 Aeduorum
510 1198 676 1249 cognita,
707 1199 774 1248 qui
804 1206 895 1238 ante
923 1206 1031 1238 erant
1058 1212 1127 1249 per
1160 1211 1201 1237 se
1226 1198 1415 1245 infideles,
1445 1212 1583 1236 manus

215 1274 232 1304 3
251 1277 390 1313 cogere
434 1271 552 1313 atque
599 1271 733 1314 aperte
781 1265 929 1302 bellum
983 1277 1118 1314 parare
1166 1270 1390 1313 coeperunt.
1478 1264 1582 1301 Turn

252 1327 450 1365 Labienus
499 1336 606 1366 tanta
653 1342 781 1366 rerum
829 1328 1139 1367 commutatione
1197 1330 1312 1377 longe
1355 1327 1462 1365 aliud
1509 1326 1583 1365 sibi

251 1392 486 1441 capiendum
532 1392 739 1430 consilium
784 1400 902 1442 atque
949 1400 1065 1430 antea
1104 1399 1276 1430 senserat
1319 1391 1580 1440 intellegebat,

212 1478 231 1506 4
251 1470 380 1505 neque
400 1456 475 1493 iam
504 1464 545 1494 ut
569 1456 718 1505 aliquid
742 1456 963 1506 adquireret
983 1456 1210 1507 proelioque
1234 1456 1356 1494 hostis
1377 1458 1583 1494 lacesseret
1603 1474 1642 1496 20

251 1521 320 1558 sed
351 1528 391 1558 ut
422 1520 661 1558 incolumem
693 1521 904 1559 exercitum
930 1521 1178 1570 Agedincum
1209 1522 1412 1559 reduceret
1441 1520 1583 1571 cogita-

213 1597 228 1626 5
250 1585 327 1623 bat.
406 1587 589 1634 Namque
623 1587 744 1623 altera
778 1600 824 1624 ex
857 1592 966 1636 parte
1002 1585 1211 1633 Bellovaci,
1248 1599 1348 1635 quae
1380 1585 1514 1623 civitas
1543 1584 1582 1623 in

250 1649 377 1687 Gallia
398 1649 607 1687 maximam
625 1651 744 1688 habet
765 1650 994 1700 opinionem
1015 1650 1176 1697 virtutis,
1196 1650 1404 1696 instabant,
1422 1652 1582 1689 alteram

251 1715 542 1763 Camulogenus
570 1722 706 1764 parato
732 1722 850 1764 atque
877 1714 1068 1753 instructo
1093 1714 1263 1753 exercitu
1285 1715 1443 1753 tenebat
1457 1729 1468 1763 3
1496 1722 1580 1753 tum

250 1778 422 1827 legiones
454 1792 475 1816 a
505 1778 700 1828 praesidio
731 1786 849 1828 atque
881 1778 1175 1829 impedimentis
1206 1779 1434 1817 interclusas
1465 1779 1582 1817 maxi·
1604 1799 1640 1828 25

212 1847 231 1877 6
252 1855 359 1880 mum
377 1843 523 1880 flumen
541 1842 762 1881 distinebat.
813 1843 950 1881 Tantis
965 1843 1095 1881 subito
1108 1843 1402 1881 difficultatibus
1418 1843 1582 1882 obiectis

251 1908 300 1945 ab
321 1906 440 1945 animi
462 1907 601 1945 virtute
623 1907 808 1945 auxilium
831 1909 1046 1958 petendum
1068 1908 1237 1946 videbat.

173 1976 230 2013 60
304 1973 386 2010 Sub
412 1985 617 2022 vesperum
647 1972 813 2011 consilio
838 1980 1066 2019 convocato,
1091 1974 1318 2011 cohortatus
1346 1981 1387 2011 ut
1415 1987 1461 2012 ea
1480 1986 1581 2023 quae

249 2035 475 2086 imperasset
496 2036 701 2087 diligenter
717 2037 986 2087 industrieque
1006 2037 1331 2083 administrarent,
1354 2037 1462 2074 navis
1483 2050 1579 2086 quas

251 2100 475 2139 Metiosedo
507 2103 722 2140 deduxerat
752 2102 922 2153 singulas
955 2102 1152 2152 equitibus
1184 2101 1376 2140 Romanis
1404 2101 1578 2140 attribuit
1599 2110 1639 2141 30

249 2173 285 2203 et
307 2165 431 2215 prima
451 2169 631 2205 confecta
652 2167 779 2217 vigilia
804 2180 866 2205 1111
890 2167 995 2205 milia
1015 2180 1200 2217 passuum
1222 2167 1398 2205 secundo
1418 2166 1580 2205 flumine

292 2269 312 2298 8
331 2268 518 2300 Metiosedo
531 2268 589 2303 D3
605 2282 611 2301 ε
638 2270 834 2301 Melloduno
846 2269 907 2299 A‘:
926 2269 1160 2300 ametclodone
1173 2268 1212 2299 B'
1300 2279 1321 2308 9
1338 2269 1480 2308 profecti
1499 2279 1518 2299 a
1533 2270 1578 2304 B:

250 2319 426 2351 prospecta
445 2326 461 2340 a
479 2325 485 2344 z
512 2314 701 2352 praesaepti
720 2313 909 2353 Hoffmann
1057 2313 1096 2341 16
1118 2313 1174 2351 qui
1195 2317 1275 2342 ante
1290 2311 1381 2346 A'Bz
1406 2312 1483 2350 quia
1499 2316 1580 2342 ante

251 2353 289 2383 B'
309 2359 424 2393 (antae
442 2356 493 2386 B:
528 2367 572 2384 (m
592 2361 693 2386 antea
704 2357 729 2395 2)
746 2368 752 2386 :
786 2356 842 2394 qui
861 2356 923 2386 iarn
944 2360 1023 2386 ante
1046 2355 1204 2384 Heinsius
1345 2356 1386 2384 28
1410 2359 1485 2384 ante
1509 2354 1579 2384 Sub

250 2397 323 2427 hal).
345 2399 494 2436 ItaqueB
600 2409 641 2436 30
667 2399 857 2429 Metiosedo
875 2398 967 2431 A‘ss:
992 2398 1212 2428 ameclodone
1231 2397 1283 2427 R:
1308 2398 1518 2428 amedodone
1535 2396 1568 2426 Β
