1706 2729
113 834 151 856 10

110 1477 148 1499 20

109 1802 145 1832 2⁵

109 2126 147 2155 30

465 132 537 169 DE
570 131 747 168 BELLO
779 129 1023 167 GALLICO
1054 130 1154 166 LIB.
1190 130 1206 166 I

173 243 292 281 vistus
313 241 533 292 respondit:
575 240 602 277 si
632 239 726 289 quid
754 238 824 289 ipsi
851 252 871 276 a
900 239 1065 277 Caesare
1085 251 1183 289 opus
1204 246 1315 286 esset,
1338 251 1421 276 sese
1441 239 1491 277 ad

173 321 263 345 eum
283 314 487 345 venturum
508 303 624 342 fuisse
639 318 647 350 3
677 302 707 340 si
728 303 823 352 quid
844 302 907 340 ille
927 315 967 340 se
984 303 1083 349 velit,
1103 303 1212 340 illum
1231 305 1282 341 acl
1301 316 1342 341 se
1362 302 1492 340 venire

172 378 360 421 oportere.
420 371 622 407 Praeterea
652 381 692 405 se
726 380 854 417 neque
888 366 971 404 sine
1005 366 1173 405 exercitu
1204 366 1244 404 in
1278 380 1342 405 eas
1375 366 1492 417 partis
1514 375 1530 405 3

173 435 322 474 Galliae
351 433 480 472 venire
509 434 652 471 audere
676 445 772 482 quas
803 433 946 471 Caesar
974 431 1201 482 possideret,
1234 444 1362 481 neque
1392 444 1493 469 exer-

171 499 292 538 citum
322 498 406 537 sine
439 510 580 548 magno
611 504 834 535 commeatu
872 504 989 546 atque
1028 495 1258 534 molimento
1291 495 1331 533 in
1369 509 1491 533 unum

171 565 301 602 locum
327 563 555 601 contrahere
581 574 705 612 posse.
766 560 847 599 Sibi
869 567 1001 599 autem
1029 559 1168 597 mirum
1197 559 1316 598 videri
1337 559 1432 610 quid
1453 559 1493 597 in
1512 574 1531 603 4

171 641 239 665 sua
278 627 404 665 Gallia
437 639 554 676 quam
594 626 698 664 bello
737 624 890 663 vicisset
930 632 996 663 aut
1040 623 1196 663 Caesari
1230 632 1296 662 aut
1329 623 1492 662 omnino

170 693 316 742 populo
338 693 520 730 Romano
540 690 670 741 negoti
691 698 801 729 esset.

225 756 300 794 His
320 755 513 806 responsis
533 757 584 793 ad
605 756 811 794 Caesarem
831 754 969 802 relatis,
992 754 1131 793 iterum
1160 755 1211 792 ad
1238 767 1328 792 eum
1349 755 1493 793 Caesar
1512 762 1563 802 35

169 822 315 871 legatos
336 833 425 858 cum
447 820 506 858 his
527 820 719 858 mandatis
746 819 885 857 mittit:
916 819 1103 869 quoniam
1123 825 1232 857 tanto
1253 832 1323 856 suo
1344 818 1493 869 populi·
1515 833 1529 853 2

169 899 245 935 que
268 885 437 923 Romani
469 884 662 923 beneficio
691 886 877 931 adfectus,
905 898 995 922 cum
1024 884 1065 922 in
1094 885 1301 922 consulatu
1330 897 1401 921 suo
1429 897 1493 921 rex

168 956 285 999 atque
305 949 452 987 amicus
473 962 495 987 a
516 957 652 987 senatu
672 950 888 999 appellatus
916 956 1026 995 esset,
1050 949 1151 986 hanc
1172 947 1244 986 sibi
1266 949 1493 998 populoque

172 1015 353 1051 Romano
372 1014 531 1064 gratiam
557 1015 711 1052 referret
741 1022 782 1051 ut
809 1013 848 1051 in
880 1013 1119 1063 colloquium
1151 1012 1281 1051 venire
1311 1012 1493 1050 invitatus

168 1086 386 1127 gravaretur
406 1092 534 1128 neque
563 1080 613 1116 de
642 1078 842 1116 communi
869 1091 909 1116 re
933 1077 1146 1116 dicendum
1172 1077 1244 1115 sibi
1275 1084 1493 1126 616091105-

168 1143 338 1180 cendum
359 1150 519 1192 putaret,
543 1143 638 1180 haec
666 1155 749 1180 esse
778 1155 878 1191 quae
901 1142 951 1180 ab
978 1155 1025 1180 eo
1045 1143 1282 1191 postularet:
1312 1140 1491 1190 primum,
1516 1151 1531 1179 3

168 1220 217 1244 ne
237 1220 355 1256 quam
377 1206 666 1245 multitudinem
695 1207 899 1245 hominum
926 1206 1092 1256 amplius
1119 1214 1223 1243 trans
1245 1207 1431 1243 Rhenum
1452 1205 1492 1242 in

168 1271 333 1309 Galliam
355 1273 572 1310 traduceret
588 1287 598 1320 3
628 1272 771 1310 deinde
795 1272 952 1310 obsides
973 1284 1072 1321 quos
1093 1271 1253 1309 haberet
1272 1271 1322 1308 ab
1344 1270 1493 1308 Aeduis

167 1337 355 1383 redderet,
398 1336 666 1386 Sequanisque
711 1336 949 1386 permitteret
994 1344 1035 1373 ut
1080 1348 1179 1384 quos
1217 1334 1271 1372 illi
1304 1335 1493 1373 haberent

167 1402 365 1439 voluntate
397 1401 478 1439 eius
518 1402 679 1440 reddere
717 1401 789 1439 illis
829 1401 985 1449 liceret3
1025 1414 1124 1439 neve
1158 1401 1320 1438 Aeduos
1355 1399 1493 1438 iniuria

167 1467 370 1505 lacesseret
396 1480 494 1504 neve
521 1466 580 1504 his
608 1466 801 1516 sociisque
829 1480 963 1505 eorum
990 1466 1138 1504 bellum
1166 1465 1331 1504 inferret.
1391 1465 1431 1503 Si
1452 1464 1492 1503 id
1511 1476 1529 1505 4

166 1530 218 1568 ita
260 1531 422 1577 fecisset,
464 1530 537 1570 sibi
576 1533 801 1581 populoque
843 1533 1025 1569 Romano
1064 1538 1291 1580 perpetuam
1330 1529 1489 1580 gratiam

165 1602 283 1644 atque
311 1595 522 1633 amicitiam
552 1609 642 1633 cum
672 1609 720 1634 eo
749 1597 941 1634 futuram:
971 1595 1003 1633 si
1030 1608 1110 1633 non
1137 1594 1369 1645 impetraret,
1393 1607 1488 1640 sese,

166 1658 352 1708 quoniam
388 1661 443 1697 M.
473 1661 658 1697 Messalla
685 1662 740 1697 M.
772 1659 915 1698 Pisone
943 1659 1171 1697 consulibus
1210 1666 1366 1697 senatus
1405 1671 1492 1696 cen—

166 1724 304 1763 suisset
334 1725 388 1762 uti
418 1725 656 1775 quicumque
684 1726 850 1764 Galliam
880 1725 1119 1775 provinciam
1151 1725 1355 1771 obtineret,
1385 1726 1493 1774 quod

166 1790 378 1827 commodo
418 1789 470 1826 rei
509 1788 689 1839 publicae
723 1791 848 1827 facere
886 1797 1030 1838 posset,
1066 1789 1228 1826 Aeduos
1263 1796 1492 1838 ceterosque

166 1853 313 1890 amicos
346 1853 481 1903 populi
513 1853 683 1891 Romani
715 1855 952 1899 defenderet,
994 1866 1035 1891 se
1067 1854 1296 1892 Aeduorum
1334 1852 1491 1891 iniurias

167 1930 247 1955 non
268 1919 545 1967 neglecturum.

220 1982 284 2020 Ad
304 1983 400 2020 haec
421 1982 636 2021 Ariovistus
663 1983 886 2033 respondit:
916 1983 974 2021 ius
1002 1996 1085 2021 esse
1112 1982 1203 2022 belli
1235 1990 1275 2021 ut
1296 1982 1361 2032 qui
1382 1983 1489 2021 vicis·
1508 1978 1563 2024 36

167 2054 252 2084 sent
281 2046 335 2084 eis
356 2059 454 2096 quos
475 2047 656 2085 vicissent
676 2061 794 2097 quem
814 2049 865 2086 ad
886 2049 1049 2086 modum
1070 2049 1212 2086 vellent
1232 2047 1465 2097 imperarent
1482 2064 1488 2086 :

166 2111 259 2149 item
280 2113 469 2161 populum
487 2113 712 2150 Romanum
734 2112 843 2150 vietis
864 2125 944 2150 non
964 2114 1015 2151 ad
1034 2111 1189 2151 alterius
1210 2111 1488 2162 praescriptum

209 2225 228 2253 5
255 2215 448 2245 molimento
466 2215 615 2246 Faernus
634 2227 639 2246 :
676 2216 901 2248 emulomento
918 2216 998 2247 AB'
1014 2228 1019 2246 :
1050 2217 1277 2248 emolumento
1296 2219 1318 2252 β
1334 2229 1341 2248 z
1375 2217 1488 2248 emoli-

167 2263 280 2289 mento
292 2258 550 2289 Barberinimms
560 2258 647 2295 (teste
658 2259 792 2300 Frzgell)
932 2271 952 2299 9
975 2261 1148 2300 responsis
1164 2259 1268 2295 AB‘ss
1282 2272 1288 2291 :
1315 2261 1434 2300 legatis
1452 2260 1493 2291 M

167 2302 281 2332 relatis
313 2301 400 2332 codd.
430 2306 490 2332 tres
515 2301 699 2333 deteriores:
735 2303 854 2342 legatis
879 2303 1005 2336 AB'B:
1038 2305 1211 2344 responsis
1229 2304 1270 2334 M
1376 2317 1416 2345 23
1443 2305 1486 2336 Μ.

168 2344 289 2375 Pisone
307 2344 375 2416 sslz.
398 2344 584 2385 Glandorp:
613 2346 650 2376 L.
670 2345 792 2377 Pisone
809 2346 845 2376 X
931 2356 972 2385 30
997 2348 1074 2379 item
1093 2347 1137 2379 ed.
1159 2358 1171 2377 1
1190 2359 1196 2378 t
1222 2348 1278 2380 ide
1293 2348 1431 2381 M¹BT:
1456 2350 1487 2379 id

168 2391 217 2417 est
234 2387 304 2418 AR
348 2388 358 2405 '³
