1768 2739
453 145 525 181 DE
557 143 735 180 BELLO
766 143 1010 180 GALLICO
1043 144 1142 180 LIB.
1178 144 1235 179 IV

181 267 310 303 neque
341 252 396 291 eis
424 252 515 302 ipsis
549 251 760 301 quicquam
790 258 939 300 praeter
974 265 1081 289 oram
1118 251 1347 289 maritimam
1383 259 1502 301 atque

180 331 246 355 eas
276 316 451 367 regiones
479 329 579 366 quae
606 322 696 354 sunt
723 322 858 353 contra
893 315 1037 353 Gallias
1070 323 1207 354 notum
1235 324 1302 354 est.
1364 318 1502 365 Itaque
1523 330 1542 358 4

180 381 327 420 vocatis
361 382 411 419 ad
445 394 486 419 se
520 379 694 429 undique
730 379 1020 426 mercatoribus
1062 394 1190 430 neque
1225 387 1371 430 quanta
1404 387 1505 419 esset

181 445 330 484 insulae
357 444 596 494 magnitudo,
620 456 748 493 neque
777 457 877 494 quae
905 451 970 482 aut
995 451 1164 493 quantae
1195 444 1372 482 nationes
1402 444 1507 482 inco-

144 518 161 549 5
182 511 314 556 lerent,
330 522 458 559 neque
474 522 591 558 quem
613 522 727 546 usum
752 508 842 546 belli
866 509 1054 546 haberent
1074 516 1141 546 aut
1157 508 1299 558 quibus
1321 508 1507 547 institutis

180 581 388 620 uterentur,
418 586 546 623 neque
576 572 642 622 qui
676 581 805 611 essent
837 574 887 611 ad
923 572 1114 611 maiorum
1146 572 1303 611 navium
1337 573 1507 611 multitu-

180 638 314 677 dinem
335 637 468 676 idonei
489 645 622 687 portus
645 637 810 686 reperire
832 644 992 687 poterat.

235 704 303 741 Ad
337 703 435 740 haec
480 703 766 752 cognoscenda,
810 702 914 752 prius
962 715 1079 752 quam
1119 702 1307 752 periclum
1350 703 1505 748 faceret,
1525 709 1568 738 21

183 767 371 806 idoneum
410 780 495 805 esse
534 766 740 805 arbitratus
783 768 826 806 C.
864 768 1111 805 Volusenum
1149 781 1239 805 curn
1271 767 1360 805 navi
1390 768 1509 817 longa

127 844 165 866 10
184 831 405 882 praemittit.
478 831 585 870 Huic
616 832 777 870 mandat
805 839 846 869 ut
872 831 1078 881 exploratis
1105 832 1290 870 omnibus
1317 832 1432 870 rebus
1457 833 1508 870 ad
1529 844 1543 865 2

183 910 224 934 se
245 910 362 946 quam
390 896 558 947 primurn
588 904 808 935 revertatur.
871 898 962 946 Ipse
989 910 1079 934 cum
1107 896 1291 935 omnibus
1318 896 1441 946 copiis
1468 896 1507 934 in
1529 909 1546 939 3

184 961 362 999 Morinos
383 960 651 1012 proficiscitur,
677 962 786 1010 quod
807 960 899 999 inde
920 968 1000 999 erat
1021 960 1271 999 brevissimus
1295 960 1334 999 in
1361 961 1509 999 Britan-

184 1025 287 1063 niam
309 1025 500 1064 traiectus.
564 1028 658 1064 Huc
679 1025 787 1064 navis
810 1025 986 1075 undique
1015 1039 1061 1064 ex
1085 1025 1259 1064 finitimis
1285 1025 1507 1075 regionibus
1527 1036 1546 1066 4

186 1098 223 1128 et
254 1103 371 1139 quam
403 1090 600 1140 superiore
629 1098 776 1129 aestate
806 1091 856 1128 ad
886 1090 1120 1128 Veneticum
1151 1090 1297 1128 bellum
1329 1091 1508 1128 effecerat

131 1166 167 1197 15
187 1155 351 1192 classem
383 1154 491 1193 iubet
530 1154 749 1193 convenire.
822 1154 995 1201 Interim,
1030 1154 1194 1193 consilio
1229 1154 1311 1193 eius
1350 1155 1508 1205 cognito
1529 1170 1545 1200 5

186 1226 224 1256 et
262 1232 330 1268 per
368 1227 600 1258 mercatores
640 1221 788 1269 perlato
830 1221 881 1258 ad
921 1219 1140 1266 Britannos,
1181 1233 1204 1257 a
1241 1219 1509 1269 compluribus

187 1282 336 1321 insulae
367 1283 586 1322 civitatibus
617 1285 667 1322 ad
700 1298 789 1322 eum
818 1284 932 1334 legati
960 1283 1121 1322 veniunt
1156 1284 1222 1334 qui
1253 1285 1510 1334 polliceantur

185 1347 344 1386 obsides
378 1349 470 1386 dare
501 1356 619 1398 atque
650 1348 814 1398 imperio
848 1348 983 1398 populi
1020 1348 1191 1386 Romani
1225 1349 1506 1398 obtemperare.

189 1411 344 1459 Quibus
374 1412 527 1459 auditis,
560 1412 768 1451 liberaliter
798 1412 994 1462 pollicitus
1034 1414 1289 1463 hortatusque
1320 1422 1361 1451 ut
1393 1413 1432 1451 in
1465 1427 1510 1452 ea
1529 1418 1548 1448 6

130 1488 169 1510 20
189 1476 383 1515 sententia
408 1484 693 1526 permanerent,
716 1490 782 1515 eos
808 1478 972 1515 domum
998 1477 1157 1515 remittit
1181 1485 1219 1516 et
1239 1491 1330 1516 cum
1351 1477 1405 1516 eis
1432 1492 1510 1516 una
1533 1486 1548 1518 7

189 1540 428 1588 Commium,
470 1554 587 1590 quem
631 1541 713 1591 ipse
752 1541 1006 1580 Atrebatibus
1049 1542 1238 1591 superatis
1281 1556 1411 1592 regem
1457 1542 1511 1581 ibi

189 1605 454 1652 constituerat,
488 1606 598 1644 cuius
633 1613 670 1644 et
705 1606 886 1644 virtutem
927 1614 965 1644 et
999 1607 1207 1645 consilium
1242 1608 1435 1657 probabat
1474 1615 1511 1646 et

188 1684 307 1719 quem
346 1669 419 1708 sibi
459 1671 615 1709 fidelem
655 1684 740 1709 esse
779 1670 1037 1708 arbitrabatur
1076 1671 1266 1721 cuiusque
1300 1671 1510 1710 auctoritas

188 1734 227 1772 in
252 1734 310 1772 his
342 1734 565 1784 regionibus
596 1734 726 1784 magni
756 1735 984 1782 habebatur,
1008 1735 1135 1773 mittit.
1211 1736 1319 1774 Huic
1348 1736 1512 1785 imperat
1531 1744 1548 1772 8

131 1811 167 1844 25
189 1813 285 1849 quas
318 1799 440 1849 possit
471 1800 586 1838 adeat
618 1799 792 1838 civitates
822 1801 1076 1850 horteturque
1106 1807 1148 1838 ut
1175 1800 1311 1850 populi
1340 1801 1511 1839 Romani

190 1865 309 1903 fidem
357 1871 570 1914 sequantur
617 1877 737 1914 seque
785 1864 959 1903 celeriter
1006 1879 1054 1903 eo
1098 1873 1305 1903 venturum
1346 1865 1509 1905 nuntiet.

188 1930 424 1976 Volusenus,
468 1929 681 1979 perspectis
729 1929 952 1980 regionibus
1000 1930 1184 1969 omnibus
1238 1938 1428 1980 quantum
1478 1931 1512 1970 ei
1532 1945 1550 1975 9

191 1993 384 2032 facultatis
414 1994 497 2032 dari
528 1994 655 2044 potuit
685 1994 752 2044 qui
782 1995 869 2033 navi
899 1995 1030 2045 egredi
1059 2009 1105 2034 ac
1136 2009 1176 2034 se
1206 1995 1379 2034 barbaris
1410 2010 1514 2035 com-

191 2058 344 2097 mittere
378 2072 458 2097 non
493 2060 664 2106 auderet,
702 2059 840 2110 quinto
875 2060 938 2098 die
972 2061 1022 2099 ad
1057 2061 1266 2100 Caesarem
1301 2061 1512 2107 revertitur,

132 2134 171 2165 50
190 2136 371 2173 quaeque
390 2123 445 2161 ibi
465 2123 723 2173 perspexisset
743 2124 948 2163 renuntiat.

246 2189 353 2225 Dum
374 2187 413 2225 in
434 2188 493 2226 his
514 2188 609 2227 locis
631 2190 775 2228 Caesar
795 2189 953 2228 navium
973 2191 1234 2239 parandarum
1255 2203 1372 2229 causa
1393 2204 1514 2229 mora·
1534 2204 1584 2230 22

193 2260 264 2299 tur,
287 2267 333 2291 ex
354 2266 496 2302 magna
516 2260 623 2302 parte
646 2253 892 2292 Morinorum
919 2256 970 2292 ad
991 2269 1080 2293 eum
1102 2255 1217 2305 legati
1238 2263 1427 2294 venerunt
1448 2256 1513 2305 qui

194 2331 235 2356 se
256 2319 306 2356 de
327 2316 535 2367 superioris
556 2318 742 2368 temporis
763 2318 928 2357 consilio
949 2328 1188 2367 excusarent,
1206 2321 1315 2370 quod
1336 2320 1515 2359 homines

509 2422 528 2451 8
554 2397 716 2461 periclum
735 2421 766 2452 Β
925 2422 965 2453 28
989 2422 1126 2455 facultas
1142 2423 1175 2454 A
