1768 2739
659 141 701 179 C.
737 141 852 177 IVLI
884 140 1152 179 CAESARIS

240 267 287 291 ex
316 254 405 292 loco
429 251 628 303 superiore
657 265 895 303 cognoscere
925 260 963 291 et
992 252 1173 291 virtutem
1202 252 1404 303 despicere
1433 260 1568 304 potue-

240 318 325 365 rint,
349 318 417 368 qui
443 317 631 357 dimicare
658 331 738 356 non
766 318 848 356 ausi
877 318 1039 368 turpiter
1066 331 1108 356 se
1135 317 1173 355 in
1195 326 1319 356 castra
1339 318 1582 375 receperintr

204 392 219 425 7
241 383 457 433 Imperium
478 396 520 421 se
539 383 588 421 ab
604 383 771 422 Caesare
792 396 860 432 per
880 382 1144 432 proditionem
1161 383 1313 420 nullum
1333 382 1565 430 desiderare,

238 449 347 498 quod
373 448 518 486 habere
538 447 698 486 victoria
723 455 855 498 posset
875 461 976 498 quae
1007 447 1083 486 iam
1112 454 1213 486 esset
1243 447 1316 485 sibi
1346 455 1464 497 atque
1488 461 1569 486 om-

238 512 355 551 nibus
386 512 507 551 Gallis
539 514 762 562 explorata:
797 512 891 562 quin
923 512 1039 551 etiam
1073 512 1165 562 ipsis
1197 512 1404 560 remittere,
1434 513 1465 550 si
1495 512 1568 551 sibi
1587 524 1604 554 5

238 577 360 626 magis
387 578 578 615 honorem
600 577 768 615 tribuere
789 590 907 626 quam
928 578 978 615 ab
1003 590 1044 615 se
1074 579 1239 615 salutem
1268 577 1445 627 accipere
1465 577 1569 616 vide-

198 653 217 683 8
236 649 360 680 antur.
421 644 431 662 ‘
448 644 561 681 Haec
582 649 624 680 ut
645 641 901 691 intellegatis,'
922 642 1062 692 inquit,
1076 645 1085 662 ‘
1100 656 1122 680 a
1143 656 1206 680 me
1227 642 1376 680 sincere
1397 656 1567 692 pronun-

145 712 151 717 *
198 722 217 752 9
237 707 336 754 tiari,
368 707 503 745 audite
538 708 743 745 Romanos
778 707 944 745 milites’
1002 707 1188 745 Producit
1220 720 1364 755 servos,
1396 721 1495 757 quos
1528 707 1566 745 in

236 771 491 821 pabulatione
511 771 647 821 paucis
662 779 754 810 ante
767 771 909 810 diebus
931 779 1135 821 exceperat
1152 779 1190 810 et
1205 773 1308 810 fame
1321 771 1566 821 vinculisque

180 853 218 874 10
236 836 532 875 excruciaverat.
607 835 664 874 Hi
697 835 775 874 iarn
806 844 898 875 ante
931 836 1063 875 edocti
1092 849 1194 886 quae
1225 836 1448 886 interrogati
1482 849 1567 886 pro-
1587 847 1626 870 10

235 900 477 948 nuntiarent,
515 900 657 939 milites
696 914 738 939 se
776 914 861 940 esse
906 900 1140 951 legionarios
1179 901 1343 949 dicunt,
1386 902 1490 940 fame
1528 908 1566 940 et

236 964 371 1015 inopia
391 965 586 1004 adductos
607 966 708 1003 clam
733 978 780 1003 ex
806 964 940 1003 castris
968 964 1102 1011 exisse,
1126 963 1158 1003 si
1178 964 1275 1015 quid
1295 963 1478 1003 frumenti
1498 972 1566 1004 aut

178 1045 211 1068 11
235 1029 387 1079 pecoris
416 1029 456 1066 in
485 1029 585 1079 agris
609 1027 775 1078 reperire
804 1034 964 1078 possent
978 1042 990 1076 5
1018 1027 1134 1066 simili
1162 1041 1323 1066 omnem
1353 1029 1565 1067 exercitum

234 1094 368 1144 inopia
396 1093 534 1144 premi,
558 1106 632 1132 ηερ
660 1093 739 1132 iam
767 1092 867 1132 vires
896 1094 1072 1131 sufficere
1102 1092 1336 1143 cuiusquam
1364 1106 1439 1132 ηερ
1467 1094 1565 1132 ferre

233 1159 361 1209 operis
382 1159 559 1197 laborem
580 1172 696 1209 posse
711 1172 722 1206 3
750 1157 883 1208 itaque
903 1158 1084 1197 statuisse
1104 1157 1395 1208 imperatorem,
1414 1157 1447 1197 si
1467 1159 1563 1198 nihil
1586 1170 1623 1203 15

233 1224 273 1261 in
303 1224 600 1275 oppugnatione
629 1223 767 1274 oppidi
797 1223 1068 1274 profecissent,
1096 1222 1228 1262 triduo
1257 1223 1469 1262 exercitum
1499 1225 1564 1263 de-

176 1306 211 1327 12
232 1289 386 1327 ducere.
447 1291 457 1308 ί
474 1290 612 1336 Haec,'
642 1288 781 1338 inquit,
812 1290 821 1307 ‘
838 1301 861 1326 a
890 1290 977 1336 me,'
1007 1288 1315 1338 Vercingetorix,
1344 1290 1354 1308 ‘
1371 1288 1563 1327 beneficia

232 1354 399 1402 habetis,
438 1367 556 1404 quem
596 1353 829 1403 proditionis
869 1353 1129 1401 insimulatis3
1172 1353 1283 1391 cuius
1322 1366 1440 1403 opera
1479 1354 1562 1393 sine

230 1426 358 1456 vestro
386 1418 575 1467 sanguine
602 1425 754 1456 tantum
779 1417 991 1456 exercitum
1012 1417 1200 1456 victorem
1224 1418 1327 1455 fame
1354 1431 1561 1468 consump—

231 1491 313 1520 tum
344 1482 483 1521 videtis
499 1498 509 1530 ,-
538 1496 657 1532 quem
687 1482 848 1532 turpiter
872 1496 912 1521 se
940 1496 986 1521 ex
1010 1483 1100 1532 fuga
1129 1482 1382 1532 recipientem
1409 1496 1459 1521 ne
1484 1496 1561 1533 qua
1581 1495 1621 1517 20

231 1546 365 1585 civitas
387 1547 465 1585 suis
487 1547 631 1585 finibus
652 1546 812 1597 recipiat
832 1560 854 1584 a
876 1560 938 1585 me
958 1546 1157 1597 provisum
1179 1548 1260 1584 est.²

169 1620 212 1647 21
286 1613 520 1650 Conclamat
540 1611 668 1650 omnis
690 1611 902 1650 multitudo
922 1619 960 1650 et
981 1625 1052 1650 suo
1074 1625 1181 1649 more
1201 1611 1317 1650 armis
1338 1621 1561 1663 concrepat,

230 1677 339 1726 quod
369 1677 496 1715 facere
523 1676 562 1714 in
588 1689 635 1715 eo
663 1684 903 1715 consuerunt
933 1676 1044 1715 cuius
1070 1676 1288 1715 orationem
1314 1678 1559 1728 approbant:

228 1755 428 1779 summum
465 1755 550 1780 esse
589 1741 950 1792 Vercingetorigem
985 1743 1129 1780 ducem
1161 1755 1235 1781 nec
1273 1743 1324 1781 de
1363 1743 1445 1782 eius
1480 1745 1558 1783 fide

228 1806 495 1845 dubitandum
526 1820 598 1844 nec
630 1806 776 1845 maiore
797 1806 947 1845 ratione
967 1807 1116 1845 bellum
1136 1806 1398 1846 administrari
1428 1821 1553 1858 posse.
1578 1820 1616 1852 25

191 1887 205 1907 2
229 1872 413 1909 Statuunt
434 1879 475 1909 ut
496 1883 523 1908 x
550 1871 656 1909 milia
682 1871 889 1910 hominum
920 1872 1074 1910 delecta
1094 1885 1140 1910 ex
1160 1871 1345 1910 omnibus
1373 1873 1496 1923 copiis
1517 1873 1556 1912 in

190 1951 207 1981 3
227 1935 419 1985 oppidum
449 1935 661 1983 mittantur,
685 1949 758 1974 nec
788 1936 880 1974 solis
910 1936 1147 1986 Biturigibus
1175 1950 1429 1975 communem
1459 1940 1557 1977 salu-

227 2008 306 2038 tem
328 2001 655 2040 committendam
677 2009 852 2049 censent,
877 2002 986 2051 quod
1006 2015 1127 2052 penes
1149 2015 1229 2050 eOS,
1250 2001 1282 2039 si
1302 2001 1343 2040 id
1363 2002 1555 2052 oppidum

226 2065 486 2114 retinuissent,
508 2080 703 2104 summam
724 2066 907 2105 victoriae
928 2074 1106 2105 constare
1126 2066 1414 2117 intellegebant.

155 2138 205 2166 22
279 2130 470 2181 Singulari
518 2131 685 2169 rnilitum
733 2139 955 2170 nostrorum
994 2131 1124 2170 virtuti
1163 2131 1326 2171 consilia
1364 2132 1554 2183 cuiusque
1573 2151 1613 2181 30

225 2196 333 2234 modi
356 2197 557 2234 Gallorum
579 2197 849 2244 occurrebant,
871 2204 912 2234 ut
933 2204 991 2234 est
1011 2210 1189 2235 summae
1213 2210 1335 2247 genus
1360 2198 1553 2237 sollertiae

223 2268 342 2309 atque
375 2262 425 2298 ad
461 2260 594 2298 omnia
628 2260 818 2299 imitanda
856 2268 894 2298 et
929 2261 1134 2300 efficienda
1173 2275 1275 2312 quae
1307 2265 1358 2302 ab
1392 2276 1551 2313 quoque

188 2340 202 2361 2
224 2326 428 2363 traduntur
461 2325 717 2374 aptissimum.
792 2328 894 2364 Nam
926 2334 963 2364 et
991 2327 1139 2376 laqueis
1164 2329 1280 2366 falces
1310 2329 1548 2375 avertebant,

268 2436 287 2465 5
313 2427 483 2457 remittere
500 2427 542 2466 D,
559 2428 747 2467 Stephanus
765 2440 771 2459 ε
797 2429 983 2460 remitteret
997 2430 1032 2459 X
1181 2433 1223 2461 26
1246 2430 1350 2470 copiis
1363 2431 1405 2463 B:
1430 2429 1511 2460 locis
1526 2441 1546 2460 α

226 2470 266 2499 28
291 2479 398 2508 paene
420 2469 452 2498 in
471 2479 510 2499 eo
537 2469 624 2500 codd.
639 2470 768 2502 Audin.
789 2471 894 2502 Oxou.
