1768 2739
636 140 680 178 C.
716 139 831 177 IVLI
863 140 1131 179 CAESARIS

221 258 273 298 ut,
297 251 327 289 si
352 264 430 301 qua
456 265 502 290 ex
528 258 637 302 parte
657 251 814 290 obviam
837 250 1005 304 [contra]
1028 252 1232 299 veniretur,
1254 253 1338 292 acie
1363 253 1549 292 instructa

184 335 198 356 2
220 318 501 367 depugnarent.
562 316 643 356 Ubi
671 316 869 355 neminem
898 317 936 355 in
964 331 1134 367 aequum
1155 318 1287 356 locum
1309 331 1394 357 sese
1413 317 1550 357 demit-

221 389 301 421 tere
339 383 409 421 sed
441 389 525 421 toto
556 381 733 432 undique
767 395 879 421 muro
913 382 1174 421 circumfundi
1208 383 1400 430 viderunt,
1440 383 1550 422 veriti

221 461 270 486 ne
308 447 473 486 omnino
511 460 599 498 spes
638 448 752 497 fugae
790 449 999 495 tolleretur,
1039 448 1201 486 abiectis
1240 448 1356 486 armis
1395 448 1551 487 ultimas

184 527 201 557 3
220 525 286 562 opl
305 512 311 518 '
335 512 357 550 'i
378 512 495 562 partis
515 512 735 551 continenti
762 512 910 562 impetu
931 512 1160 562 petiverunt,
1184 526 1351 562 parsque
1372 512 1437 559 ibi,
1460 525 1551 551 cum

220 584 387 628 angusto
417 577 521 615 exitu
546 584 746 627 portarum
773 590 814 615 se
842 577 915 627 ipsi
942 585 1173 627 premerent,
1196 591 1219 616 a
1240 577 1440 625 militibus,
1464 591 1551 628 pars

221 642 299 681 iam
329 655 482 692 egressa
520 642 641 692 portis
680 642 730 680 ab
769 641 967 691 equitibus
1006 650 1064 681 est
1103 642 1333 690 interfecta3
1372 656 1446 681 nee
1480 642 1551 680 fuit

139 719 145 723 “
182 721 202 751 4
222 707 430 757 quisquam
465 706 532 756 qui
564 707 733 756 praedae
763 708 946 745 studeret.
1007 707 1070 745 Sic
1102 714 1140 745 et
1175 706 1327 747 Cenabi
1360 708 1482 746 caede
1513 714 1551 745 et

220 772 355 810 labore
384 771 512 821 operis
541 770 690 810 incitati
711 784 791 810 non
820 778 947 810 aetate
973 772 1174 819 confectis,
1203 786 1283 811 non
1311 771 1550 818 mulieribus,

183 852 200 883 5
222 850 303 875 non
342 835 556 874 infantibus
596 844 864 886 pepercerunt.
937 836 1120 887 Denique
1150 851 1196 875 ex
1234 837 1343 876 omni
1374 850 1549 883 numero,

221 901 289 950 qui
323 901 395 939 fuit
423 900 574 939 circiter
603 900 754 939 milium
784 913 850 948 XL,
880 900 943 939 vix
972 913 1088 948 Dece,
1120 901 1187 952 qui
1222 901 1348 952 primo
1382 903 1553 940 clamore

221 965 358 1004 audito
387 978 429 1003 se
458 978 505 1003 ex
534 965 684 1015 oppido
713 965 923 1013 eiecerunt,
946 966 1164 1005 incolumes
1193 968 1244 1005 ad
1270 965 1553 1016 Vercingetori-

182 1036 201 1067 6
220 1044 310 1080 gem
340 1037 610 1080 pervenerunt.
671 1031 784 1079 Quos
819 1030 883 1069 ille
915 1033 1038 1069 multa
1067 1031 1144 1070 iam
1174 1038 1291 1070 nocte
1321 1031 1477 1070 silentio
1506 1045 1553 1069 ex

221 1096 311 1146 fuga
341 1095 493 1145 excepit
523 1095 666 1134 veritus
697 1109 747 1134 ne
775 1109 854 1145 qua
883 1095 922 1134 in
952 1096 1086 1135 castris
1117 1110 1163 1135 ex
1191 1110 1327 1135 eorum
1357 1107 1551 1135 concursu

221 1167 260 1198 et
300 1159 568 1199 misericordia
605 1160 708 1211 vulgi
749 1160 892 1200 seditio
931 1168 1114 1208 oreretur,
1154 1168 1196 1200 ut
1237 1163 1373 1212 procul
1414 1161 1453 1199 in
1492 1161 1553 1199 via

220 1224 422 1275 dispositis
452 1224 706 1264 familiaribus
735 1225 814 1265 suis
844 1226 1167 1277 principibusque
1196 1226 1397 1265 civitatum
1427 1226 1552 1276 dispa—

222 1291 367 1329 randos
388 1291 726 1341 deducendosque
745 1292 797 1330 ad
818 1305 909 1330 suos
930 1299 1090 1339 curaret,
1114 1305 1216 1342 quae
1240 1291 1382 1342 cuique
1407 1290 1553 1330 civitati

223 1368 310 1404 pars
331 1362 546 1393 castrorum
567 1356 618 1393 ab
638 1355 750 1394 initio
770 1357 992 1395 obvenerat.

149 1427 204 1465 29
278 1422 441 1458 Postero
467 1419 532 1458 die
559 1420 728 1458 concilio
749 1428 978 1466 convocato,
1001 1422 1226 1459 consolatus
1246 1421 1552 1470 cohortatusque

224 1491 283 1522 est
309 1497 359 1522 ne
389 1497 430 1522 se
456 1485 675 1526 admodum
702 1485 836 1523 animo
862 1485 1124 1532 demitterent,
1160 1499 1208 1523 ne
1235 1485 1552 1534 perturbarentur

187 1559 201 1580 2
224 1549 492 1587 incommodo.
554 1550 647 1587 Non
678 1548 818 1588 virtute
846 1563 975 1600 neque
1003 1549 1043 1588 in
1072 1549 1157 1588 acie
1180 1549 1319 1588 vicisse
1348 1552 1552 1589 Romanos

224 1613 294 1651 sed
322 1612 488 1651 artificio
522 1614 698 1663 quodam
732 1621 771 1652 et
804 1613 968 1653 scientia
1005 1614 1322 1665 oppugnationis,
1358 1615 1469 1654 cuius
1499 1615 1553 1654 rei

186 1691 204 1721 3
222 1677 365 1716 fuerint
385 1677 459 1728 ipsi
478 1677 657 1728 imperiti.
719 1680 867 1726 Errare,
883 1679 914 1718 si
934 1679 1002 1730 qui
1022 1679 1062 1718 in
1084 1680 1187 1718 bello
1207 1679 1337 1718 omnis
1357 1680 1553 1718 secundos

185 1755 205 1786 4
224 1756 352 1781 rerum
395 1750 608 1793 proventus
649 1751 886 1794 exspectent.
964 1744 1047 1783 Sibi
1095 1758 1313 1795 numquam
1361 1744 1554 1795 placuisse

222 1808 434 1847 Avaricum
455 1809 626 1856 defendi,
642 1809 752 1848 cuius
772 1809 825 1848 rei
847 1809 954 1848 testis
975 1810 1080 1860 ipsos
1101 1810 1262 1849 haberet
1279 1824 1288 1858 3
1318 1811 1387 1849 sed
1408 1811 1553 1848 factum

223 1872 490 1923 imprudentia
510 1873 729 1924 Biturigum
750 1882 788 1913 et
812 1874 933 1913 nimia
959 1875 1220 1925 obsequentia
1240 1875 1478 1925 reliquorum
1498 1874 1555 1913 uti

187 1949 204 1981 5
226 1939 304 1976 hoc
350 1938 651 1978 incommodum
692 1939 943 1990 acciperetur.
1016 1942 1064 1979 Id
1112 1948 1243 1979 tamen
1292 1954 1334 1979 se
1381 1939 1556 1979 celeriter

187 2006 206 2036 6
227 2002 439 2042 maioribus
470 2004 691 2043 commodis
721 2012 960 2043 sanaturum.
1034 2007 1137 2044 Nam
1172 2019 1274 2055 quae
1313 2005 1365 2043 ab
1396 2003 1554 2054 reliquis

225 2068 346 2107 Gallis
374 2068 548 2108 civitates
575 2069 838 2117 dissentirent,
861 2071 931 2108 has
961 2084 1031 2109 sua
1056 2070 1257 2120 diligentia
1276 2070 1552 2109 adiuncturum

1574 852 1613 875 10

1575 1500 1614 1522 20

1576 1824 1614 1855 25

223 2140 342 2183 atque
383 2147 506 2172 unum
546 2134 755 2173 consilium
798 2135 917 2173 totius
966 2134 1117 2173 Galliae
1159 2135 1400 2181 effecturum,
1441 2133 1552 2172 cuius
1573 2145 1614 2178 30

225 2198 435 2236 consensui
478 2212 529 2237 ne
570 2198 676 2238 orbis
723 2199 884 2249 quidem
933 2207 1119 2238 terrarum
1167 2199 1290 2249 possit
1337 2197 1553 2245 obsistere3

190 2275 205 2308 7
226 2261 345 2312 idque
366 2276 407 2302 se
427 2276 550 2314 prope
576 2263 653 2302 iarn
681 2265 863 2303 effectum
888 2265 1042 2303 habere.
1104 2266 1260 2303 Interea
1278 2277 1448 2314 aequum
1469 2275 1555 2302 esse

226 2327 277 2364 ab
307 2327 361 2365 eis
391 2328 613 2368 communis
644 2329 777 2368 salutis
808 2343 925 2368 causa
953 2329 1149 2379 impetrari
1178 2336 1219 2368 ut
1248 2336 1374 2367 castra
1402 2326 1552 2366 munire

354 2437 366 2457 1
394 2435 510 2460 eontra
526 2429 583 2460 dcl.
603 2430 723 2471 Fmgell
854 2442 872 2461 2
898 2432 1075 2462 demittere
1091 2431 1159 2462 edd.
1180 2443 1185 2461 2
1211 2432 1378 2462 dimittere
1395 2429 1433 2459 X
