1706 2729
430 149 502 185 DE
535 148 714 185 BELLO
745 148 989 185 GALLICO
1022 149 1122 185 LIB.
1158 150 1174 185 Ι

197 257 379 295 Planities
417 264 497 294 erat
537 270 675 306 magna
713 264 751 294 et
788 256 826 293 in
870 270 912 294 ea
951 259 1122 294 tumulus
1158 267 1330 295 terrenus
1370 257 1461 295 satis
1479 265 1531 303 43

140 322 305 371 grandis.
366 321 445 359 Hic
474 322 581 359 locus
610 333 737 370 aequo
768 322 847 358 fere
880 321 1005 370 spatio
1038 322 1087 359 ab
1117 323 1249 360 castris
1279 322 1461 360 Ariovisti

140 394 178 424 et
207 385 382 425 Caesaris
415 386 556 423 aberat.
635 387 706 432 Eo,
739 392 782 423 ut
819 392 899 423 erat
936 385 1097 432 dictum,
1132 388 1183 424 ad
1221 387 1461 436 colloquium
1484 402 1498 422 2

139 458 335 488 venerunt.
396 449 609 500 Legionem
639 451 782 488 Caesar
810 463 929 499 quam
959 450 1068 499 equis
1097 458 1251 488 vexerat
1283 451 1462 500 passibus

100 523 117 555 5
138 515 316 554 ducentis
345 515 396 553 ab
427 528 474 553 eo
501 516 652 552 tumulo
683 514 893 552 constituit.
968 516 1069 553 Item
1101 514 1251 564 equites
1278 515 1461 553 Ariovisti

136 579 217 629 pari
246 579 446 617 intervallo
472 578 736 617 constiterunt.
810 578 1026 617 Ariovistus
1055 592 1102 617 ex
1131 579 1239 629 equis
1270 587 1311 616 ut
1345 580 1460 617 collo·
1482 587 1498 615 3

136 651 345 693 querentur
365 651 403 682 et
423 651 573 693 praeter
599 657 639 681 se
663 645 787 682 denos
812 651 853 681 ut
879 645 930 682 ad
956 643 1197 693 colloquium
1218 645 1459 682 adducerent

134 707 352 758 postulavit.
413 707 494 747 Ubi
524 721 571 745 eo
600 716 761 746 ventum
791 716 858 755 est,
886 709 1030 747 Caesar
1049 707 1160 746 initio
1180 708 1365 746 orationis
1390 722 1459 746 sua
1478 719 1498 748 4

135 780 370 822 senatusque
412 772 451 810 in
497 786 587 811 eum
624 772 815 811 beneficia
862 773 1194 820 commemoravit,
1243 774 1352 823 quod
1394 787 1459 811 rex

77 850 116 873 10
133 839 348 887 appellatus
396 844 497 876 esset
538 851 560 875 a
600 845 747 884 senatu,
792 839 900 887 quod
942 837 1100 884 amicus,
1142 839 1251 887 quod
1298 851 1459 875 munera

132 901 370 952 amplissime
399 902 539 950 missa3
582 915 699 952 quam
729 916 810 940 rem
840 910 877 940 et
906 902 1040 952 paucis
1069 902 1289 952 contigisse,
1321 911 1358 940 et
1387 915 1457 952 pro

132 965 280 1016 magnis
310 966 515 1004 hominum
544 966 679 1005 officiis
705 980 915 1005 consuesse
942 966 1058 1005 tribui
1087 967 1265 1005 docebat.
1327 968 1454 1014 Illum,
1476 980 1493 1010 5

132 1043 222 1068 cum
275 1044 403 1080 neque
455 1030 604 1068 aditum
655 1044 784 1080 neque
840 1044 996 1069 causam
1044 1030 1268 1081 postulandi
1316 1030 1456 1069 iustam

131 1095 302 1142 haberet,
328 1095 520 1133 beneficio
543 1108 588 1133 ac
615 1095 842 1133 liberalitate
865 1109 934 1133 sua
959 1109 1005 1133 ac
1032 1104 1187 1133 senatus
1215 1109 1260 1134 ea
1286 1096 1456 1145 praemia

74 1174 110 1205 15
131 1167 396 1198 consecutum.
458 1160 638 1197 Docebat
667 1159 782 1197 etiam
808 1173 926 1209 quam
946 1168 1094 1198 veteres
1115 1173 1312 1209 quamque
1333 1160 1455 1198 iustae
1474 1165 1493 1195 6

129 1237 269 1262 causae
295 1224 591 1262 necessitudinis
612 1224 703 1274 ipsis
724 1238 814 1262 cum
839 1224 987 1263 Aeduis
1014 1224 1299 1263 intercederent
1315 1239 1325 1271 3
1354 1238 1455 1274 quae
1476 1236 1491 1268 7

129 1296 284 1326 senatus
314 1290 501 1335 consulta,
528 1288 708 1338 quotiens
735 1302 932 1338 quamque
959 1289 1173 1327 honorifica
1200 1289 1239 1326 in
1266 1302 1333 1327 eos
1354 1291 1454 1327 facta

128 1360 282 1400 essent3
323 1360 365 1390 ut
391 1353 499 1391 omni
523 1360 698 1403 tempore
724 1352 842 1391 totius
867 1353 1017 1391 Galliae
1043 1353 1302 1403 principatum
1324 1354 1453 1392 Aedui

127 1417 352 1464 tenuissent,
368 1417 472 1467 prius
493 1417 609 1456 etiam
636 1431 753 1467 quam
779 1425 950 1456 nostram
969 1417 1180 1456 amicitiam
1200 1418 1449 1468 appetissent.

70 1496 109 1518 20
128 1482 268 1532 Populi
298 1482 469 1520 Romani
498 1483 599 1520 hanc
628 1495 713 1520 esse
741 1482 1080 1529 consuetudinem,
1107 1490 1149 1520 ut
1178 1482 1305 1521 socios
1334 1490 1452 1532 atque
1471 1490 1489 1520 8

126 1545 272 1584 amicos
292 1559 373 1584 non
403 1547 523 1584 modo
549 1545 607 1584 sui
631 1546 726 1584 nihil
756 1548 969 1597 deperdere
999 1548 1068 1585 sed
1094 1547 1224 1596 gratia,
1251 1547 1449 1596 dignitate,

126 1611 275 1648 honore
321 1610 511 1648 auctiores
558 1610 649 1648 velit
696 1624 780 1649 esse
803 1626 810 1649 :
858 1612 967 1661 quod
1013 1624 1105 1650 vero
1147 1613 1198 1650 ad
1239 1611 1449 1650 amicitiam

125 1674 260 1724 populi
294 1674 466 1712 Romani
503 1675 732 1722 attulissent,
763 1675 805 1713 id
843 1675 897 1714 eis
936 1675 1031 1725 eripi
1057 1675 1144 1724 quis
1178 1676 1256 1725 pati
1287 1679 1450 1726 posset?

126 1739 339 1777 Postulavit
359 1739 504 1777 deinde
528 1741 667 1778 eadem
691 1753 791 1789 quae
821 1739 955 1789 legatis
981 1740 1022 1777 in
1050 1740 1243 1778 mandatis
1264 1741 1447 1779 dederat:
1468 1753 1487 1784 9

67 1818 103 1849 25
124 1816 174 1841 ne
206 1810 273 1841 aut
303 1803 453 1842 Aeduis
486 1811 552 1841 aut
584 1817 719 1842 eorum
750 1804 864 1842 sociis
894 1805 1041 1842 bellum
1068 1804 1224 1843 inferret
1240 1819 1250 1852 5
1291 1805 1448 1843 obsides

123 1869 301 1906 redderet
318 1882 328 1916 3
357 1868 389 1906 si
414 1870 561 1906 nullam
587 1877 736 1918 partem
761 1870 1045 1907 Germanorum
1067 1870 1230 1907 domum
1255 1870 1448 1908 remittere

122 1940 264 1982 posset,
286 1940 325 1970 at
344 1946 394 1970 ne
414 1946 513 1982 quos
533 1933 699 1983 amplius
721 1935 907 1971 Rhenum
928 1933 1087 1972 transire
1106 1942 1309 1984 pateretur.

176 1996 392 2035 Ariovistus
412 1998 463 2034 ad
482 1999 676 2046 postulata
701 1998 876 2037 Caesaris
902 2011 1026 2048 pauca
1055 1999 1264 2049 respondit,
1297 2000 1347 2037 de
1367 1999 1445 2037 suis
1463 2006 1517 2044 44

122 2060 326 2099 virtutibus
361 2062 482 2099 multa
510 2062 768 2111 praedicavit:
810 2063 991 2102 transisse
1022 2066 1209 2102 Rhenum
1243 2076 1327 2102 sese
1365 2076 1445 2101 non
1468 2080 1481 2100 2

65 2140 103 2169 30
122 2139 191 2163 sua
219 2132 359 2175 sponte
387 2127 457 2163 sed
486 2134 661 2176 rogatum
691 2135 729 2165 et
756 2128 986 2166 accersitum
1020 2142 1042 2167 a
1070 2128 1190 2167 Gallis
1206 2144 1216 2175 ‚-
1253 2141 1333 2166 non
1363 2128 1448 2166 sine

122 2202 261 2239 magna
308 2203 377 2239 spe
424 2190 652 2241 magnisque
694 2192 873 2242 praemiis
921 2194 1084 2231 domum
1125 2193 1446 2244 propinquosque

122 2254 347 2304 reliquisse3
395 2255 507 2293 sedes
555 2256 697 2295 habere
744 2257 783 2294 in
832 2258 957 2296 Gallia
996 2259 1045 2296 ab
1086 2259 1177 2308 ipsis
1226 2271 1442 2305 concessaS,

164 2401 181 2427 4
208 2396 349 2421 vexerat
364 2402 383 2420 (ι
399 2402 404 2420 ;
445 2391 487 2421 de
502 2402 507 2420 ε
520 2366 648 2421 uixerat
666 2391 715 2421 B:
757 2393 938 2424 devexerat
954 2396 976 2428 β
1135 2405 1150 2433 7
1177 2395 1383 2426 adducerent
1399 2397 1441 2430 B:

122 2433 306 2465 adduceret
322 2445 341 2463 α
432 2444 471 2472 24
498 2435 621 2465 deinde
639 2445 702 2466 om.
723 2447 741 2465 α
