1706 2729
613 127 655 164 C.
691 128 805 164 IVLI
837 128 1106 166 CAESARIS

196 234 328 272 omnia
367 249 445 273 non
486 237 606 275 modo
641 236 788 275 iniussu
828 251 899 276 suo
937 246 975 276 et
1009 238 1172 278 civitatis
1209 241 1279 279 sed
1313 239 1431 279 etiam
1464 240 1519 279 in-

194 298 407 338 scientibus
439 299 531 351 ipsis
561 300 724 349 fecisset,
757 304 865 352 quod
894 316 917 342 a
947 303 1170 353 magistratu
1201 306 1431 343 Aeduorum
1458 318 1519 343 ac-

193 371 402 412 cusaretur,
432 364 523 404 satis
555 379 641 404 esse
668 380 808 405 causae
838 367 1096 406 arbitrabatur
1123 382 1241 418 quare
1266 368 1305 406 in
1332 383 1422 407 eum
1451 376 1519 408 aut

192 428 275 478 ipse
313 429 639 469 animadverteret
672 439 739 469 aut
777 432 974 470 civitatem
1012 432 1320 472 animadvertere
1355 433 1514 472 iuberet.

195 492 271 532 His
292 494 476 533 omnibus
498 496 613 533 rebus
634 508 758 534 unum
778 498 1030 546 repugnabat,
1054 499 1162 547 quod
1181 497 1371 536 Diviciaci
1394 498 1517 536 fratris
1536 506 1554 538 5

191 570 390 597 summum
418 559 457 597 in
486 562 678 610 populum
709 562 937 599 Romanum
967 561 1152 609 studium,
1183 576 1378 601 summam
1407 562 1447 600 in
1475 576 1517 601 se

190 624 444 671 voluntatem,
467 625 660 675 egregiam
681 626 813 672 fidem,
836 625 1033 673 iustitiam,
1057 627 1354 677 temperantiam
1375 640 1517 677 cogno-

130 730 136 734 ,
189 694 295 725 verat
311 702 321 735 ,-
356 702 447 726 nam
472 702 521 727 ne
552 689 635 727 eius
666 689 859 739 supplicio
884 690 1075 728 Diviciaci
1096 690 1270 729 animum
1300 692 1516 730 offenderet

151 764 168 793 3
189 752 403 790 verebatur.
476 754 617 803 Itaque
646 753 751 803 prius
781 767 899 804 quam
930 754 1141 804 quicquam
1172 763 1386 802 conaretur,
1411 755 1516 794 Divi-

183 814 335 853 ciacum
350 816 401 854 ad
421 829 463 854 se
478 817 607 855 vocari
628 817 736 856 iubet
757 825 806 864 et,
829 817 1035 856 cotidianis
1052 819 1327 870 interpretibus
1343 820 1512 867 remotis,
1537 833 1575 855 ιο

188 891 257 928 per
286 880 329 918 C.
362 880 562 919 Valerium
595 881 816 929 Procillum,
850 881 1069 932 principem
1099 883 1249 922 Galliae
1278 884 1512 934 provinciae,

188 943 416 982 familiarem
438 958 562 993 suum,
590 945 653 984 cui
678 959 873 985 summam
900 947 1077 985 omnium
1102 961 1229 986 rerum
1254 949 1373 987 fidem
1398 949 1514 987 habe-

104 1040 105 1043 ,
149 1007 265 1055 4bat,
302 1023 392 1047 cum
432 1024 479 1048 eo
518 1010 777 1060 colloquitur:
817 1011 933 1049 simul
964 1012 1268 1051 commonefacit
1297 1027 1398 1063 quae
1427 1013 1513 1064 ipso

186 1081 390 1121 praesente
418 1074 458 1112 in
493 1075 661 1113 concilio
695 1077 898 1114 Gallorum
932 1077 983 1115 de
1018 1077 1260 1128 Dumnorige
1289 1077 1366 1115 sint
1395 1077 1509 1125 dicta,

186 1143 225 1174 et
245 1137 417 1176 ostendit
445 1152 545 1188 quae
572 1139 779 1189 separatim
807 1140 973 1190 quisque
1000 1141 1050 1179 de
1081 1154 1129 1179 eo
1155 1143 1261 1191 apud
1290 1155 1332 1180 se
1360 1141 1508 1181 dixerit.
1533 1155 1570 1188 15

148 1210 165 1240 5
187 1200 289 1239 Petit
314 1209 433 1252 atque
460 1204 645 1250 hortatur,
668 1211 711 1241 ut
734 1203 818 1242 sine
844 1204 927 1243 eius
954 1205 1171 1243 offensione
1199 1205 1319 1243 animi
1344 1207 1404 1244 vel
1428 1205 1512 1256 ipse

186 1265 237 1303 de
257 1278 304 1303 eo
325 1279 441 1304 causa
461 1267 616 1317 cognita
637 1275 791 1315 statuat,
814 1270 873 1306 vel
895 1268 1090 1307 civitatem
1112 1277 1278 1308 statuere
1299 1269 1440 1308 iubeat.

113 1342 167 1369 20
232 1329 456 1368 Diviciacus
479 1331 610 1369 multis
632 1345 721 1369 cum
743 1331 910 1370 lacrimis
928 1334 1136 1371 Caesarem
1158 1335 1384 1383 complexus
1400 1334 1511 1372 obse-

150 1409 163 1428 ε
185 1406 291 1431 crare
320 1395 449 1444 coepit
478 1409 528 1433 ne
554 1396 650 1446 quid
677 1396 829 1445 gravius
856 1396 895 1434 in
920 1398 1075 1436 fratrem
1102 1406 1309 1437 statueret:
1344 1398 1441 1437 scire
1467 1412 1509 1437 se

184 1457 248 1496 illa
276 1472 361 1497 esse
381 1473 479 1506 vera,
502 1474 576 1498 nec
606 1474 846 1511 quemquam
876 1475 922 1500 ex
951 1476 998 1500 eo
1028 1464 1115 1512 plus
1144 1476 1262 1513 quam
1292 1476 1333 1501 se
1362 1463 1507 1502 doloris
1528 1479 1568 1501 20

183 1535 332 1572 capere,
367 1531 571 1574 propterea
604 1526 722 1574 quod,
760 1539 849 1563 cum
885 1526 967 1575 ipse
1000 1526 1120 1576 gratia
1154 1527 1365 1576 plurimum
1399 1527 1508 1566 domi

181 1594 300 1636 atque
320 1587 359 1625 in
380 1588 526 1637 reliqua
547 1589 683 1636 Gallia,
708 1589 771 1628 ille
792 1589 998 1628 minimum
1020 1598 1177 1640 propter
1200 1591 1507 1629 adulescentiam

145 1666 162 1696 3
182 1659 322 1701 posset,
347 1666 414 1702 per
434 1666 475 1691 se
495 1652 677 1692 crevisset
694 1668 704 1701 3
733 1653 876 1704 quibus
897 1654 1038 1704 opibus
1059 1668 1104 1693 ac
1125 1655 1250 1694 nervis
1275 1669 1355 1694 non
1380 1657 1507 1694 solum

180 1718 231 1754 ad
270 1715 525 1755 minuendam
563 1717 725 1767 gratiam
767 1720 837 1757 sed
876 1732 1001 1768 paene
1042 1721 1093 1758 ad
1136 1719 1347 1769 perniciem
1395 1733 1506 1758 suam

181 1788 360 1818 uteretur.
420 1783 513 1820 Sese
545 1789 676 1821 tamen
712 1790 749 1821 et
781 1796 915 1821 amore
949 1785 1118 1822 fraterno
1152 1792 1189 1822 et
1220 1784 1505 1823 existimatione
1525 1802 1563 1834 25

141 1857 162 1886 4
180 1844 283 1894 vulgi
304 1846 552 1885 commoveri.
613 1848 734 1896 Quod
755 1847 785 1886 si
813 1848 909 1898 quid
933 1848 967 1886 ei
991 1862 1014 1886 a
1039 1850 1205 1888 Caesare
1230 1849 1382 1899 gravius
1407 1849 1505 1888 acci-

179 1909 309 1956 disset,
344 1923 434 1948 cum
464 1910 547 1960 ipse
577 1925 666 1950 eum
697 1914 828 1950 locum
857 1912 1052 1951 amicitiae
1080 1915 1187 1963 apud
1221 1928 1310 1952 eum
1342 1921 1502 1961 teneret,

179 1973 377 2011 neminem
417 1974 724 2013 existimaturum
760 1990 840 2014 non
875 1990 944 2014 sua
978 1979 1178 2016 voluntate
1212 1980 1382 2026 factum3
1426 1993 1504 2029 qua

178 2051 224 2075 ex
253 2052 291 2076 re
322 2039 492 2077 futurum
523 2039 577 2077 uti
608 2040 726 2078 totius
758 2040 908 2079 Galliae
937 2041 1058 2079 animi
1096 2055 1119 2079 a
1157 2056 1198 2080 se
1228 2050 1499 2081 averterentur.

140 2108 157 2138 5
180 2103 293 2140 Haec
313 2116 403 2140 cum
433 2103 607 2153 pluribus
637 2104 762 2142 verbis
793 2107 890 2143 fiens
919 2119 942 2143 a
972 2107 1138 2144 Caesare
1168 2114 1326 2156 peteret,
1358 2109 1502 2146 Caesar
1521 2115 1562 2145 30

176 2165 259 2204 eius
276 2168 450 2206 dextram
471 2168 650 2218 prendit3
679 2171 904 2208 consolatus
930 2178 1038 2220 rogat
1059 2172 1178 2209 finem
1205 2171 1342 2210 orandi
1362 2171 1475 2210 faciat
1489 2186 1499 2219 ,·

176 2230 273 2269 tanti
294 2231 376 2269 eius
396 2234 501 2282 apud
533 2246 574 2271 se
599 2233 761 2282 gratiam
789 2248 873 2272 esse
904 2234 1077 2273 ostendit
1097 2234 1152 2273 uti
1177 2242 1214 2273 et
1242 2235 1294 2273 rei
1319 2235 1499 2285 publicae

155 508 169 528 υ

224 2344 257 2363 11
296 2333 474 2364 Procillum
506 2334 699 2366 Manntms:
724 2336 947 2367 Troaucillum
983 2337 1058 2368 aIJ:
1092 2338 1279 2369 traucillum
1297 2338 1329 2367 A
1352 2348 1426 2369 corr.
1452 2339 1496 2369 T:

177 2376 379 2407 Troueillum
398 2377 523 2407 Holdcr
