1768 2739
647 126 691 164 C.
726 126 841 163 IVLI
873 125 1141 164 CAESARIS

234 237 397 274 fortuna.
458 237 562 275 Nam
593 248 736 286 magno
765 235 909 275 accidit
938 249 1031 275 casu
1061 244 1103 275 ut
1132 236 1171 275 in
1201 236 1329 288 ipsum
1358 237 1560 279 incautum

232 300 350 339 etiam
379 307 498 351 atque
532 300 766 351 imparatum
806 299 995 340 incideret
1030 300 1213 351 priusque
1251 301 1333 340 eius
1368 303 1560 342 adventus

231 366 281 404 ab
312 365 539 404 hominibus
565 365 760 405 videretur
786 379 904 416 quam
930 367 1033 404 fama
1065 379 1111 404 ac
1137 365 1297 405 nuntius
1323 368 1560 408 adferretur:

232 429 287 468 sic
317 443 481 481 magnae
514 430 586 469 fuit
621 432 808 478 fortunae,
839 430 947 469 omni
978 430 1131 469 militari
1160 430 1420 472 instrumento
1451 434 1560 484 quod

232 494 378 533 circum
412 509 453 533 se
487 496 658 534 habebat
689 503 833 546 erepto,
875 495 1000 534 raedis
1033 494 1223 545 equisque
1254 497 1556 548 comprehensis
1579 508 1597 541 5

195 575 212 604 3
232 558 359 609 ipsum
381 561 549 610 effugere
570 567 746 598 mortem.
806 561 884 598 Sed
913 560 989 598 hoc
1014 573 1172 610 quoque
1193 561 1339 599 factum
1360 569 1428 609 est,
1451 563 1560 613 quod

230 623 412 663 aedificio
436 624 679 663 circumdato
706 623 810 671 silva,
834 631 876 662 ut
902 631 992 662 sunt
1019 625 1097 663 fere
1124 624 1323 663 domicilia
1343 627 1556 673 Gallorum,

230 689 297 739 qui
324 688 472 728 vitandi
501 696 630 727 aestus
660 702 777 727 causa
806 690 1037 739 plerumque
1067 689 1248 728 silvarum
1277 704 1322 728 ac
1352 690 1559 729 fluminum

230 760 369 804 petunt
389 753 709 803 propinquitates,
733 752 897 792 comites
925 753 1211 804 familiaresque
1232 754 1313 792 eius
1333 762 1500 805 angusto
1520 755 1559 792 in

196 819 318 857 4loco
348 817 542 868 paulisper
571 817 748 868 equitum
777 825 999 856 nostrorum
1029 818 1107 856 vim
1146 817 1422 857 sustinuerunt.
1483 818 1559 857 His
1583 831 1620 853 10

229 881 504 932 pugnantibus,
524 881 633 921 illum
654 882 693 921 in
715 896 860 933 equum
881 882 1043 932 quidam
1064 897 1110 921 ex
1131 882 1210 921 suis
1231 882 1359 922 intulit
1378 898 1385 921 ι
1415 883 1560 933 fugien-

229 954 307 985 tem
338 947 456 986 silvae
486 955 672 986 texerunt.
732 947 796 987 Sic
835 956 872 987 et
906 950 957 987 ad
988 949 1240 988 subeundum
1271 948 1487 999 perieulum
1522 957 1560 988 et

227 1013 279 1050 ad
299 1011 503 1051 vitandum
526 1014 692 1051 multum
713 1015 868 1052 fortuna
888 1014 1018 1052 valuit.

167 1085 209 1122 31
282 1076 487 1116 Ambiorix
525 1078 658 1128 copias
697 1092 786 1117 suas
824 1079 1023 1118 iudicione
1057 1093 1138 1118 non
1172 1080 1413 1128 conduxerit,
1450 1081 1559 1130 quod

228 1142 376 1191 proelio
406 1142 677 1182 dimicandum
707 1157 787 1182 non
823 1143 1057 1191 existimarit,
1093 1158 1143 1182 an
1173 1152 1350 1195 tempore
1380 1146 1558 1184 exclusus
1582 1156 1618 1190 15

227 1214 265 1245 et
303 1207 508 1257 repentino
546 1207 723 1258 equitum
761 1209 933 1248 adventu
973 1209 1203 1259 prohibitus,
1240 1223 1331 1248 cum
1365 1209 1558 1260 reliquum

190 1289 205 1309 2
227 1272 438 1311 exercitum
459 1273 646 1323 subsequi
667 1275 851 1321 crederet,
868 1274 1034 1313 dubium
1056 1282 1122 1313 est.
1174 1276 1252 1314 Sed
1269 1283 1372 1314 certe
1389 1274 1558 1314 dimissis

226 1350 294 1386 per
316 1350 427 1387 agros
455 1337 601 1376 nuntiis
631 1337 704 1377 sibi
734 1352 933 1389 quemque
963 1341 1166 1378 consulere
1197 1339 1315 1378 iussit.
1376 1341 1556 1388 Quorum

225 1414 313 1451 pars
334 1401 373 1438 in
395 1403 651 1440 Arduennam
673 1402 818 1450 silvam,
843 1417 929 1453 pars
959 1403 998 1441 in
1028 1403 1265 1442 continentis
1286 1405 1448 1454 paludes
1473 1417 1557 1454 pro-

190 1475 206 1504 3
225 1465 346 1515 fugit3
387 1465 453 1516 qui
484 1466 649 1516 proximi
682 1468 846 1506 Oceano
875 1469 1041 1515 fuerunt,
1079 1468 1118 1505 hi
1149 1468 1284 1506 insulis
1314 1481 1399 1507 sese
1429 1469 1556 1506 occul·
1578 1481 1617 1502 20

187 1537 403 1571 4taverunt
437 1544 534 1580 quas
572 1539 702 1570 aestus
741 1533 893 1570 efficere
932 1540 1197 1580 consuerunt3
1242 1532 1354 1570 multi
1393 1546 1439 1571 ex
1477 1532 1556 1571 suis

226 1594 368 1632 finibus
408 1595 549 1645 egressi
583 1609 625 1634 se
659 1609 807 1646 suaque
841 1596 975 1635 omnia
1012 1597 1258 1635 alienissimis
1293 1596 1552 1635 crediderunt.

186 1670 203 1701 5
225 1660 474 1707 Catuvolcus‚
507 1674 572 1698 rex
603 1661 790 1700 dimidiae
824 1661 942 1711 partis
972 1662 1216 1710 Eburonum,
1254 1662 1321 1712 qui
1355 1675 1434 1700 una
1464 1675 1555 1700 cum

223 1724 451 1774 Ambiorige
490 1725 697 1764 consilium
740 1725 886 1774 inierat,
927 1733 1054 1765 aetate
1092 1726 1170 1765 iam
1209 1727 1422 1773 confectuS‚
1464 1739 1554 1764 cum

222 1789 397 1827 laborem
418 1789 511 1828 belli
534 1797 600 1828 aut
628 1791 740 1840 fugae
767 1792 864 1829 ferre
890 1803 971 1829 non
1001 1798 1144 1840 posset,
1167 1790 1352 1829 omnibus
1372 1790 1554 1840 precibus
1577 1797 1615 1830 25

223 1855 438 1892 detestatus
459 1854 731 1904 Ambiorigem
753 1854 820 1905 qui
844 1854 927 1893 eius
954 1854 1093 1894 consili
1121 1863 1258 1894 auctor
1281 1855 1426 1902 fuisset,
1450 1862 1550 1902 taxo,

222 1918 332 1956 cuius
367 1931 508 1969 magna
542 1918 581 1957 in
615 1919 741 1958 Gallia
776 1920 1066 1970 Germaniaque
1100 1920 1214 1970 copia
1248 1927 1315 1967 est,
1352 1933 1394 1958 se
1427 1919 1554 1958 exani-

223 1983 350 2022 mavit.

151 2059 202 2096 32
275 2047 391 2098 Segni
413 2047 690 2098 Condrusique
712 2063 757 2088 ex
777 2057 892 2100 gente
913 2057 950 2088 et
977 2063 1142 2088 numero
1163 2051 1460 2097 Germanorum,
1484 2048 1552 2099 qui

221 2119 310 2150 sunt
330 2112 429 2151 inter
451 2113 658 2152 Eburones
672 2115 952 2164 Treverosque,
976 2116 1123 2164 legatos
1143 2115 1194 2152 ad
1212 2115 1419 2153 Caesarem
1441 2113 1552 2151 mise-
1573 2122 1612 2152 30

220 2184 308 2214 runt
330 2184 481 2215 oratum
502 2191 551 2216 ne
573 2191 613 2216 se
630 2177 669 2215 in
690 2177 863 2216 hostium
884 2192 1048 2217 numero
1069 2179 1229 2217 duceret
1249 2192 1348 2217 neve
1373 2178 1551 2217 omnium

222 2241 508 2280 Germanorum
539 2241 606 2291 qui
633 2249 762 2281 essent
789 2242 883 2281 citra
914 2244 1101 2282 Rhenum
1130 2257 1250 2282 unam
1280 2256 1365 2282 esse
1390 2256 1549 2282 causam

270 2354 279 2372 i
304 2347 377 2382 post
394 2354 468 2375 nam
486 2344 559 2375 add.
580 2345 665 2376 sicut
683 2345 724 2376 R.
743 2345 932 2385 Stephanus
1077 2348 1098 2376 6
1128 2357 1263 2386 quoque
1280 2357 1343 2377 om.
1362 2348 1385 2381 β
1511 2356 1549 2385 19

222 2387 428 2418 continentis
447 2388 493 2419 U:
521 2389 736 2420 continentes
753 2389 809 2419 aT
938 2399 978 2428 25
1004 2393 1078 2420 autc
1092 2390 1169 2420 belli
1185 2390 1260 2421 add.
1280 2394 1336 2420 aut
1352 2391 1375 2424 β
