1768 2739
665 154 708 191 C.
744 153 858 190 IVLI
891 152 1159 190 CAESARIS

247 280 346 317 quos
368 266 421 305 ibi
446 265 656 306 Helvetico
670 265 818 315 proelio
834 264 957 303 victos
975 266 1120 302 Cacsar
1136 263 1394 302 collocaverat
1411 262 1576 301 Aeduis-

247 346 324 382 que
344 330 582 378 attribuerat,
609 343 836 380 oppugnare
857 328 1033 367 instituit.

182 407 227 435 10
303 398 492 446 Magnam
536 397 634 434 haec
673 407 732 433 res
773 393 930 434 Caesari
970 392 1241 431 difficultatem
1278 393 1330 431 ad
1369 391 1576 430 consilium

247 461 485 511 capiendum
514 460 727 507 adferebat,
761 459 791 497 si
819 458 1007 508 reliquam
1035 465 1185 508 partem
1215 456 1355 495 hiemis
1379 469 1460 495 uno
1488 458 1577 495 loco

247 525 420 576 legiones
450 524 678 571 contineret,
712 537 762 562 ne
792 522 1053 573 stipendiariis
1085 523 1317 560 Aeduorum
1347 521 1578 572 expugnatis
1598 534 1615 565 5

248 597 389 628 cuncta
410 589 537 628 Gallia
551 590 746 635 deficeret,
766 589 875 638 quod
892 589 1043 625 nullum
1060 587 1195 625 amicis
1217 587 1256 625 in
1277 600 1325 626 eo
1338 586 1577 637 praesidium

240 655 395 694 videret
419 653 591 704 positum
617 667 702 692 esse
720 668 730 700 ,-
761 653 791 690 si
822 652 1010 690 maturius
1040 666 1086 690 ex
1112 651 1285 690 hibernis
1310 653 1504 698 educeret,
1528 664 1578 690 ne

149 710 154 714 ,
210 734 225 755 2
247 720 297 757 ab
318 733 357 757 re
378 718 630 757 frumentaria
651 717 757 756 duris
775 716 1098 755 subvectionibus
1115 717 1317 755 laboraret.
1378 718 1578 755 Praestare

247 783 372 821 visum
407 791 465 821 est
500 790 631 821 tamen
671 781 800 820 omnis
832 781 1082 820 difficultates
1122 780 1272 831 perpeti
1311 794 1430 830 quam
1470 788 1578 819 tanta

246 848 486 887 contumelia
519 855 681 897 accepta
721 846 899 885 omnium
941 859 1101 884 suorum
1137 847 1358 883 voluntates
1396 845 1574 884 alienare.
1600 862 1638 884 10

210 923 226 953 3
248 914 389 963 Itaque
437 914 663 952 cohortatus
712 913 875 950 Aeduos
924 912 974 949 de
1023 910 1293 960 supportando
1340 917 1575 957 commeatu,

248 978 459 1028 praemittit
483 979 534 1016 ad
564 977 684 1016 Boios
712 976 779 1026 qui
800 977 850 1014 de
877 988 949 1014 suo
976 976 1149 1013 adventu
1173 975 1343 1012 doceant
1363 975 1579 1013 hortentur-

247 1056 325 1093 que
365 1050 406 1082 ut
438 1042 477 1080 in
519 1043 597 1081 fide
631 1048 817 1080 maneant
848 1048 967 1090 atque
998 1039 1171 1078 hostium
1206 1038 1397 1088 impetum
1435 1051 1579 1088 magno

208 1117 227 1147 4
247 1108 379 1146 animo
407 1107 634 1146 sustineant.
697 1106 862 1144 Duabus
891 1104 1085 1155 Agedinci
1116 1103 1335 1154 legionibus
1364 1111 1483 1152 atque
1512 1102 1580 1140 im-

248 1172 486 1222 pedimentis
508 1171 626 1211 totius
648 1170 838 1210 exercitus
860 1169 1013 1216 relictis,
1036 1170 1087 1207 ad
1111 1168 1230 1206 Boios
1251 1167 1517 1218 proficiscitur.
1602 1178 1639 1210 15

193 1249 227 1275 11
304 1239 440 1277 Altero
473 1237 537 1276 die
569 1251 660 1276 cum
690 1237 741 1275 ad
772 1235 964 1286 oppidum
996 1236 1198 1273 Senonum
1229 1233 1578 1272 Vellaunodunum

248 1303 427 1350 venisset,
469 1316 518 1342 ne
556 1315 675 1352 quern
715 1309 803 1352 post
842 1314 883 1339 se
922 1302 1075 1339 hostem
1116 1299 1360 1348 relinqueret,
1402 1311 1482 1347 quo
1520 1311 1580 1336 ex-

249 1367 440 1417 peditiore
469 1381 507 1405 re
534 1365 785 1404 frumentaria
814 1372 996 1411 uteretur,
1020 1377 1247 1414 oppugnare
1268 1362 1433 1401 instituit
1460 1362 1580 1411 idque

213 1445 226 1465 2
250 1431 373 1470 biduo
394 1430 698 1469 circumvallavit
714 1445 723 1477 3
764 1428 876 1467 tertio
897 1428 962 1467 die
983 1427 1109 1466 missis
1138 1442 1184 1467 ex
1204 1427 1353 1478 oppido
1374 1427 1508 1477 legatis
1529 1427 1580 1464 de

249 1496 462 1543 deditione,
487 1509 594 1534 arma
615 1494 790 1541 conferri,
808 1494 982 1532 iumenta
1004 1493 1181 1544 produci,
1200 1500 1399 1532 sescentos
1421 1491 1580 1530 obsides
1602 1505 1642 1526 20

249 1560 480 1600 dari·iubet.
556 1562 613 1598 Ea
644 1559 711 1609 qui
741 1560 953 1597 conficeret
983 1560 1027 1598 C.
1052 1558 1297 1597 Trebonium
1327 1559 1497 1607 legatum
1527 1570 1581 1594 re-

211 1635 228 1665 3
249 1625 400 1676 linquit.
462 1627 564 1674 Ipse,
589 1631 630 1662 ut
655 1637 773 1673 quam
795 1622 964 1673 primum
987 1621 1057 1659 iter
1080 1623 1234 1669 faceret,
1259 1622 1467 1661 Cenabum
1492 1622 1581 1660 Car-

209 1704 228 1733 4
251 1697 390 1728 nutum
425 1687 711 1738 proficiscitur3
754 1686 821 1737 qui
861 1694 945 1725 tum
986 1686 1156 1736 primum
1195 1688 1313 1725 allato
1352 1685 1492 1724 nuntio
1530 1676 1581 1724 de

249 1753 544 1805 oppugnatione
565 1752 871 1799 Vellaunoduni,
896 1765 986 1790 cum
1019 1751 1172 1802 longius
1200 1765 1286 1790 eam
1313 1765 1394 1790 rem
1416 1752 1579 1789 ductum

248 1820 292 1858 iri
319 1817 592 1865 existimarent,
623 1817 861 1868 praesidium
898 1817 1051 1856 Cenabi
1090 1816 1225 1855 tuendi
1251 1829 1368 1855 causa
1394 1816 1502 1866 quod
1533 1828 1580 1853 eo
1600 1829 1638 1861 25

211 1897 227 1926 5
248 1884 446 1922 mitterent
493 1883 784 1933 comparabant.
876 1883 971 1920 Huc
1010 1881 1132 1920 biduo
1170 1880 1355 1931 pervenit.
1434 1879 1580 1919 Castris

247 1956 337 1986 ante
358 1948 550 1998 oppidum
570 1947 718 1998 positis,
742 1946 820 1986 diei
841 1954 1018 1997 tempore
1039 1947 1217 1985 exclusus
1238 1946 1277 1983 in
1298 1952 1498 1995 posterum
1515 1957 1581 1994 op-

247 2012 530 2063 pugnationem
553 2012 691 2059 differt,
708 2025 889 2062 quaeque
908 2012 959 2050 ad
981 2025 1067 2049 eam
1089 2024 1170 2049 rem
1191 2009 1278 2049 usui
1299 2009 1375 2048 sint
1392 2009 1579 2047 militibus

210 2086 228 2116 6
248 2077 411 2127 imperat
442 2085 490 2124 et,
514 2078 623 2127 quod
653 2076 845 2126 oppidum
876 2076 1085 2115 Cenabum
1112 2089 1212 2125 pons
1239 2074 1409 2112 fluminis
1431 2073 1578 2124 Ligeris

250 2142 515 2192 contingebat,
550 2140 693 2179 veritus
722 2154 772 2179 ne
802 2147 923 2178 noctu
949 2153 995 2178 ex
1024 2139 1173 2189 oppido
1202 2140 1452 2189 profugerent
1480 2138 1577 2176 duas
1598 2150 1638 2180 30

214 2218 229 2252 τ
250 2208 423 2257 legiones
454 2206 493 2244 in
518 2206 636 2244 armis
663 2205 855 2243 excubare
885 2204 1004 2242 iubet.
1065 2204 1319 2243 Cenabenses
1342 2204 1461 2253 paulo
1487 2209 1578 2240 ante

252 2272 422 2310 mediam
444 2278 603 2310 noctem
631 2269 786 2308 silentio
815 2283 862 2307 ex
890 2269 1039 2319 oppido
1069 2267 1211 2318 egressi
1241 2269 1388 2306 flumen
1417 2265 1578 2305 transire

212 2344 229 2373 S
250 2345 473 2386 coeperunt.
532 2337 622 2384 Qua
636 2349 675 2373 re
688 2348 756 2386 per
769 2336 1030 2385 exploratores
1044 2333 1232 2381 nuntiata,
1249 2333 1392 2372 Caesar
1404 2330 1578 2381 legiones

414 2450 431 2478 7
457 2440 628 2470 videretur
649 2438 679 2467 R
813 2447 855 2476 3ο
881 2437 1098 2476 contingebat
1116 2438 1157 2470 13:
1185 2436 1375 2466 continebat
1393 2446 1411 2463 α
