1706 2729
436 146 511 182 DE
542 145 721 183 BELLO
751 145 998 184 GALLICO
1027 147 1130 187 LIB.
1164 147 1182 184 I

150 256 335 293 Rhenum
369 254 474 292 milia
503 267 687 304 passuum
719 268 765 292 ex
795 268 843 293 eo
876 256 964 293 loco
998 255 1147 294 circiter
1180 254 1354 306 quinque
1387 269 1468 306 per-

147 326 345 357 venerunt.
419 318 480 356 Ibi
518 318 701 369 perpauci
737 325 804 357 aut
842 318 986 357 viribus
1020 319 1157 358 confisi
1196 327 1345 358 tranare
1378 333 1468 358 con·
1490 330 1504 350 2

147 384 354 421 tenderunt
384 390 451 420 aut
483 381 660 421 lintribus
690 382 857 421 inventis
896 382 969 421 sibi
1007 385 1170 421 salutern
1205 391 1465 433 reppererunt.

148 449 196 485 In
225 447 284 485 his
313 446 384 485 fuit
412 446 638 494 Ariovistus,
670 447 738 497 qui
776 446 994 485 naviculam
1029 447 1236 497 deligatam
1265 449 1315 486 ad
1345 447 1467 497 ripam
1489 460 1506 489 3

108 521 125 551 5
146 518 281 550 nactus
302 525 347 550 ea
366 511 533 561 profugit
552 527 559 550 :
588 511 757 561 reliquos
783 511 910 550 omnis
931 511 1106 561 equitatu
1126 511 1327 550 consecuti
1347 512 1467 549 nostri

145 577 428 615 interfecerunt.
502 578 615 614 Duae
648 578 803 614 fuerunt
834 575 1017 615 Ariovisti
1051 589 1198 623 uxores,
1231 589 1309 614 una
1337 577 1467 614 Sueba
1486 591 1506 620 4

144 640 311 687 natione,
348 654 466 690 quarn
500 641 622 679 domo
655 653 789 679 secum
823 642 994 687 duxerat,
1027 643 1146 679 altera
1180 640 1333 687 Norica,
1369 641 1466 691 regis

143 704 354 744 Voccionis
383 718 500 752 soror,
532 719 650 755 quam
680 705 719 743 in
750 705 876 744 Gallia
904 707 1065 744 duxerat
1090 719 1113 743 a
1142 707 1254 744 fratre
1284 705 1465 743 missam:

143 776 328 819 utraeque
361 769 401 807 in
435 783 481 808 ea
510 771 599 820 fuga
627 770 846 820 perierunt3
887 771 988 809 duae
1018 770 1140 809 filiae:
1182 772 1319 808 harum
1348 772 1467 809 altera

86 850 125 873 10
143 834 280 881 occisa,
316 836 435 873 altera
478 843 592 885 capta
629 842 696 873 est.
775 836 819 875 C.
859 835 1036 873 Valerius
1076 834 1273 881 Procillus,
1316 848 1406 873 cum
1444 849 1467 873 a
1486 851 1503 881 5

142 898 371 937 custodibus
409 899 449 938 in
486 901 576 950 fuga
623 899 730 938 trinis
782 899 928 938 catenis
977 899 1128 938 vinctus
1167 900 1389 946 traheretur,
1426 899 1465 937 in

142 963 269 1013 ipsum
312 965 519 1003 Caesarem
569 964 691 1002 hostis
728 964 913 1014 'equitatu
965 972 1264 1015 persequentem
1316 964 1462 1003 incidit.

143 1029 256 1076 Quae
276 1028 435 1078 quidem
463 1043 521 1067 res
551 1029 707 1068 Caesari
734 1043 814 1067 non
842 1028 1031 1068 minorem
1053 1043 1170 1079 quam
1198 1029 1281 1079 ipsa
1306 1029 1466 1067 victoria
1484 1034 1504 1064 6

142 1094 381 1143 voluptatem
402 1093 538 1141 attulit,
558 1095 665 1143 quod
686 1094 887 1132 hominem
908 1094 1226 1133 honestissimum
1243 1093 1465 1144 provinciae

85 1172 121 1203 15
143 1157 301 1204 Galliae,
325 1171 438 1196 suum
468 1158 694 1197 familiarem
723 1166 761 1197 et
790 1159 996 1209 hospitem,
1028 1166 1204 1209 ereptum
1234 1173 1256 1197 e
1285 1159 1465 1197 manibus

142 1222 313 1260 hostium
342 1222 416 1261 sibi
446 1223 664 1262 restitutum
694 1223 851 1270 viderat,
884 1237 1012 1273 neque
1050 1223 1132 1261 eius
1167 1223 1386 1262 calamitate
1414 1225 1465 1262 de

141 1293 248 1325 tanta
263 1288 461 1338 voluptate
481 1295 519 1326 et
538 1288 794 1338 gratulatione
809 1287 1021 1338 quicquam
1037 1289 1191 1326 fortuna
1207 1288 1461 1327 deminuerat.

141 1352 180 1389 Is
201 1364 241 1390 se
267 1360 470 1402 praesente
493 1354 543 1391 de
567 1366 608 1391 se
635 1360 691 1391 ter
717 1352 884 1391 sortibus
912 1354 1135 1391 consultum
1162 1352 1319 1391 dicebat
1334 1360 1463 1391 utrum
1486 1366 1501 1399 7

138 1414 217 1466 igni
258 1416 387 1454 statim
429 1424 630 1456 necaretur
666 1430 715 1455 an
758 1416 797 1455 in
841 1416 947 1455 aliud
989 1424 1143 1467 tempus
1185 1423 1463 1455 reservaretur:

81 1494 120 1515 20
139 1479 302 1518 sortium
335 1481 528 1520 beneficio
562 1495 603 1520 se
637 1494 721 1520 esse
754 1481 1003 1520 incolumem.
1066 1482 1167 1520 Item
1203 1481 1258 1518 M.
1298 1480 1461 1520 Mettius
1484 1490 1501 1520 8

137 1553 310 1596 repertus
330 1553 369 1584 et
387 1547 438 1585 ad
458 1560 548 1585 eum
568 1548 751 1585 reductus
771 1554 838 1585 est.

192 1612 284 1649 Hoc
304 1610 452 1661 proelio
478 1618 581 1649 trans
609 1612 795 1650 Rhenum
822 1611 1010 1658 nuntiato,
1043 1610 1164 1650 Suebi
1193 1610 1259 1661 qui
1285 1612 1336 1649 ad
1363 1610 1463 1661 ripas
1482 1617 1533 1656 54

138 1674 269 1713 Rheni
295 1683 480 1714 venerant
506 1677 669 1714 domum
699 1676 836 1715 reverti
863 1683 1100 1727 coeperunt3
1138 1689 1237 1726 quos
1270 1675 1366 1715 Ubii
1396 1675 1463 1725 qui

137 1739 302 1789 proximi
331 1742 517 1779 Rhenum
556 1741 732 1779 incolunt
763 1741 983 1791 perterritos
1016 1739 1266 1793 [senserunt,]
1297 1740 1463 1778 insecuti

79 1818 116 1849 25
137 1818 321 1855 magnum
346 1819 393 1844 ex
418 1805 472 1844 eis
499 1819 705 1844 numerum
739 1805 976 1844 occiderunt.
1036 1806 1189 1851 Caesar,
1212 1818 1290 1843 una
1315 1812 1462 1843 aestate
1483 1824 1498 1844 2

136 1870 292 1908 duobus
333 1870 510 1909 maximis
548 1870 659 1909 bellis
700 1870 898 1917 confectis,
947 1869 1133 1908 maturius
1180 1871 1298 1920 paulo
1342 1883 1461 1919 quam

136 1941 290 1984 tempus
319 1935 410 1973 anni
440 1936 661 1985 postulabat
688 1935 727 1973 in
756 1935 919 1973 hiberna
948 1934 987 1972 in
1012 1936 1215 1985 Sequanos
1249 1934 1460 1972 exercitum

134 1999 297 2037 deduxit
310 2014 320 2048 3
350 2000 520 2039 hibernis
547 2000 764 2039 Labienum
791 1999 1040 2051 praeposuit3
1069 1999 1152 2050 ipse
1175 1999 1216 2037 in
1242 1998 1459 2038 citeriorem
1480 2016 1497 2046 3

134 2063 303 2102 Galliam
322 2065 373 2103 ad
393 2072 609 2104 conventus
630 2065 802 2116 agendos
823 2066 1018 2115 profectus
1035 2071 1103 2103 est.

180 2176 193 2196 1
219 2167 372 2206 quinque
389 2178 428 2197 a:
447 2167 524 2202 ,Vss
540 2179 547 2198 :
573 2167 817 2206 quinquaginta
836 2166 974 2197 Orosius
991 2167 1032 2198 vi.
1053 2177 1070 2205 7
1160 2170 1391 2205 pervenerunt
1408 2166 1458 2196 U:

134 2211 353 2248 pervenerint
379 2222 398 2240 α
552 2221 573 2249 9
597 2215 761 2249 utraeque
779 2221 821 2240 a:
856 2215 998 2249 utraque
1023 2212 1046 2243 β
1205 2210 1243 2239 16
1268 2209 1399 2240 viderat
1415 2220 1455 2239 a:

133 2253 268 2284 videbat
285 2253 343 2288 133
357 2264 434 2284 corr.
530 2255 567 2283 18
591 2258 643 2283 ter
660 2254 808 2284 sortibus
825 2253 882 2287 βΒ
892 2264 967 2283 corr.
984 2264 991 2282 ε
1009 2252 1196 2292 tergoribus
1209 2264 1228 2281 α
1244 2263 1251 2282 :
1273 2253 1457 2283 terroribus

132 2295 226 2336 Bpr.
318 2307 359 2336 23
385 2297 464 2328 Ubii
480 2295 682 2330 Rhenanus:
708 2296 761 2327 ubi
775 2295 877 2331 AB‘B
895 2306 901 2326 :
926 2296 1005 2335 hubi
1020 2295 1060 2326 M
1147 2306 1187 2335 24
1211 2300 1393 2327 senserunt
1409 2295 1456 2326 X:

132 2339 188 2371 del.
208 2340 394 2372 Rhenanus

175 2443 317 2464 CAESAR.
338 2443 404 2466 B.G.
1349 2433 1368 2460 3
