1706 2729
98 527 114 559 5

77 854 116 876 10

72 1499 112 1520 20

73 1823 109 1853 25

71 2144 111 2174 30

413 150 485 187 DE
518 148 696 186 BELLO
728 149 971 186 GALLICO
1004 149 1104 186 LIB.
1139 150 1180 185 ΙΙ

137 267 269 297 nostra
300 266 422 297 castra
456 267 572 308 atque
604 271 669 295 eos
704 257 770 307 qui
802 257 840 294 in
872 270 988 307 opere
1020 258 1199 308 occupati
1234 266 1340 296 erant
1368 270 1457 295 con-

137 325 356 362 tenderunt.

191 388 347 427 Caesari
367 387 499 426 omnia
522 400 601 425 uno
628 394 803 437 tempore
830 395 937 425 erant
964 388 1115 437 agenda
1134 402 1140 424 :
1170 386 1351 424 vexillum
1373 399 1456 436 pro·
1477 396 1530 424 20

136 453 375 502 ponendum,
399 452 507 501 quod
531 459 611 489 erat
638 451 787 501 insigne
811 464 901 489 cum
934 452 984 489 ad
1008 464 1114 489 arma
1139 450 1315 488 concurri
1347 463 1456 500 opor<-

135 523 231 554 teret
246 530 256 563 ‚·
290 516 441 566 signum
471 516 565 554 tuba
594 517 769 554 dandum
785 530 795 563 3
827 516 877 554 ab
907 529 1024 565 opere
1053 514 1261 553 revocandi
1292 514 1458 555 milites:

134 579 201 630 qui
255 581 372 629 paulo
419 580 570 630 longius
621 579 767 630 aggeris
815 580 974 630 petendi
1022 592 1138 618 causa
1190 587 1457 629 processerant

132 643 377 691 arcessendi3
414 644 516 682 acies
545 643 771 682 instruenda
786 659 795 692 3
836 644 975 682 milites
1005 643 1264 690 cohortandi3
1304 643 1456 693 signum

133 709 318 746 dandum.
379 709 555 757 Quarum
572 721 698 746 rerum
720 721 900 758 magnam
922 716 1070 758 partem
1085 707 1270 757 temporis
1292 707 1456 746 brevitas
1478 722 1493 742 2

133 780 171 811 et
186 786 388 811 successus
402 773 572 811 hostium
589 772 838 823 impediebat.
883 773 958 810 His
976 772 1266 811 difficultatibus
1281 773 1382 810 duae
1398 785 1456 811 res
1478 783 1495 813 3

134 845 241 875 erant
268 836 452 884 subsidio,
477 836 637 875 scientia
660 845 777 887 atque
806 851 897 875 usus
923 837 1100 883 militum,
1125 838 1233 886 quod
1258 837 1457 887 superiori-

133 902 205 939 bus
218 901 373 952 proeliis
386 902 580 940 exercitati
595 901 689 951 quid
704 901 785 940 fieri
802 909 997 951 oporteret
1011 915 1090 939 non
1106 901 1233 939 minus
1247 902 1456 940 commode

132 966 204 1016 ipsi
225 966 297 1005 sibi
318 967 576 1017 praescribere
602 980 719 1016 quam
748 967 797 1005 ab
824 966 906 1005 aliis
935 967 1066 1005 doceri
1088 974 1277 1016 poterant,
1295 974 1333 1004 et
1349 968 1456 1016 quod

131 1032 180 1069 ab
198 1045 314 1081 opere
330 1031 567 1082 singulisque
584 1032 801 1082 legionibus
824 1032 995 1082 singulos
1018 1033 1163 1082 legatos
1180 1032 1323 1070 Caesar
1336 1031 1457 1069 disce-

131 1097 223 1133 dere
240 1095 312 1133 nisi
328 1096 486 1134 munitis
503 1096 635 1134 castris
652 1104 834 1135 vetuerat.
880 1096 937 1134 Hi
953 1104 1109 1146 propter
1126 1096 1454 1146 propinquitatem
1475 1110 1494 1139 4

95 1178 110 1207 ς
132 1167 169 1197 et
190 1161 425 1199 celeritatem
447 1161 617 1199 hostium
640 1161 735 1198 nihil
763 1161 838 1199 iam
870 1160 1046 1200 Caesaris
1076 1160 1280 1210 imperium
1303 1173 1457 1210 exspec-

131 1225 276 1271 tabant,
299 1226 368 1263 sed
392 1238 460 1275 per
486 1238 526 1263 se
554 1239 653 1275 quae
675 1225 906 1263 videbantur
927 1225 1259 1263 administrabant.

184 1289 337 1335 Caesar,
354 1289 578 1328 necessariis
596 1290 710 1328 rebus
732 1290 939 1340 imperatis,
957 1291 1008 1328 ad
1029 1290 1292 1328 cohortandos
1313 1289 1454 1328 milites
1474 1297 1516 1324 21

129 1366 247 1403 quarn
268 1353 307 1391 in
328 1361 476 1403 partem
497 1356 574 1392 fors
603 1354 744 1392 obtulit
771 1354 989 1393 decucurrit
1010 1361 1048 1392 et
1068 1355 1117 1392 ad
1139 1353 1333 1403 legionem
1354 1354 1455 1392 deci-

130 1432 232 1456 mam
268 1418 434 1457 devenit.
496 1419 642 1457 Milites
686 1433 766 1457 non
805 1419 977 1469 longiore
1015 1418 1191 1457 oratione
1229 1420 1454 1457 cohortatus
1476 1434 1490 1455 2

130 1496 246 1533 quarn
277 1483 331 1521 uti
361 1497 454 1522 suae
482 1484 665 1534 pristinae
695 1484 843 1522 virtutis
878 1484 1106 1522 memoriam
1137 1483 1345 1522 retinerent
1377 1497 1453 1522 neu

129 1548 444 1597 perturbarentur
469 1548 601 1586 animo
626 1548 877 1598 hostiumque
904 1548 1094 1598 impetum
1119 1547 1266 1586 fortiter
1293 1548 1454 1586 sustine·
1475 1564 1492 1594 3

129 1620 224 1659 rent,
257 1614 365 1662 quod
403 1626 483 1650 non
523 1613 674 1662 longius
706 1615 838 1651 hostes
871 1614 1032 1651 aberant
1065 1626 1184 1663 quam
1218 1626 1298 1662 quo
1332 1614 1451 1651 telum

128 1677 231 1727 adigi
258 1684 400 1726 posset,
434 1677 555 1727 proeli
586 1677 859 1715 committendi
888 1677 1041 1726 signum
1072 1677 1191 1715 dedit.
1252 1680 1383 1727 Atque
1413 1677 1451 1715 in
1470 1686 1491 1717 4

128 1743 286 1780 alteram
308 1750 456 1792 partem
477 1742 570 1780 item
591 1742 820 1780 cohortandi
841 1755 957 1780 causa
977 1743 1172 1791 profectus
1188 1741 1452 1791 pugnantibus

130 1806 304 1844 occurrit.
346 1807 552 1856 Temporis
569 1814 675 1845 tanta
688 1807 759 1845 fuit
780 1806 965 1856 exiguitas
987 1806 1238 1856 hostiumque
1255 1814 1331 1844 tam
1347 1819 1452 1856 para·
1471 1820 1488 1850 5

130 1880 190 1909 tus
210 1873 260 1910 ad
281 1872 549 1911 dimicandum
570 1872 723 1910 animus
744 1880 785 1910 ut
806 1885 885 1910 non
907 1872 1028 1910 modo
1047 1872 1097 1910 ad
1118 1871 1282 1920 insignia
1301 1884 1452 1909 acconi-

127 1937 328 1974 'modanda
340 1938 410 1975 sed
430 1937 546 1975 etiam
567 1939 617 1975 ad
637 1939 765 1987 galeas
786 1937 1005 1975 induendas
1027 1936 1225 1986 scutisque
1241 1936 1451 1985 tegimenta

128 2003 370 2040 detrahenda
386 2009 540 2052 tempus
557 2002 731 2040 defuerit.
784 2004 915 2050 Quam
930 2002 1095 2052 quisque
1109 2002 1158 2039 ab
1173 2014 1290 2050 opere
1311 2000 1349 2038 in
1371 2014 1452 2051 par·
1470 2007 1489 2036 6

128 2074 207 2105 tem
237 2079 329 2105 casu
359 2066 515 2105 devenit
541 2080 720 2117 quaeque
748 2067 873 2117 prima
903 2066 1011 2116 signa
1042 2065 1255 2115 conspexit,
1277 2066 1329 2103 ad
1354 2066 1451 2103 haec

128 2131 310 2179 constitit,
335 2146 383 2170 ne
404 2132 442 2169 in
464 2132 695 2181 quaerendis
716 2132 794 2170 suis
815 2132 1013 2182 pugnandi
1036 2140 1189 2181 tempus
1211 2130 1429 2168 dimitteret.

184 2197 378 2235 Instructo
403 2196 570 2235 exercitu
598 2196 717 2246 magis
742 2204 783 2234 ut
808 2196 882 2235 loci
910 2204 1045 2234 natura
1069 2195 1322 2245 deiectusque
1342 2195 1450 2234 collis
1470 2206 1520 2234 22

172 2307 234 2335 4-5
259 2296 346 2335 quod
366 2320 371 2326 .
393 2320 398 2326 .
419 2320 425 2325 .
445 2299 618 2333 oporteret
635 2294 691 2324 del.
710 2294 821 2324 Aldus
965 2304 1005 2332 23
1029 2294 1116 2332 adigi
1137 2293 1295 2333 Madmgr:
1329 2293 1414 2323 adici
1430 2305 1449 2323 α

130 2349 168 2377 27
187 2339 375 2369 induendas
392 2337 436 2367 R²
445 2337 485 2368 Τ2
500 2349 505 2367 :
530 2338 735 2368 inducendas
754 2336 789 2366 X
919 2338 961 2367 28
979 2337 1187 2367 detrahenda
1203 2336 1261 2370 βΒ
1273 2347 1349 2367 corr.
1368 2348 1374 2366 :
1392 2337 1448 2366 de-

130 2383 274 2413 truenda
286 2381 341 2412 13¹:
361 2381 572 2412 detrudenda
585 2380 665 2410 A'R
682 2390 756 2411 corr.
834 2390 872 2418 31
889 2381 1040 2411 deiectus
1048 2380 1243 2421 Nipperdey:
1259 2378 1451 2410 delectus-X
