1768 2739
692 136 735 173 C.
771 135 886 171 IVLI
919 134 1188 172 CAESARIS

274 258 410 283 eorum
454 253 619 284 mortem
665 245 731 294 qui
774 244 1045 294 indignissime
1092 243 1329 290 interierunt,
1371 251 1489 293 atque
1530 243 1603 282 hos

234 320 252 352 9
274 311 442 348 latrones
477 310 780 348 interficiamus)
851 309 1037 348 Ostendit
1063 308 1157 347 civis
1186 310 1401 356 Romanos,
1425 307 1492 358 qui
1521 307 1604 346 eius

273 375 441 424 praesidi
481 375 625 413 fiducia
665 389 743 413 una
782 382 916 421 erant,-
965 387 1151 423 magnum
1183 386 1390 411 numerum
1420 371 1603 410 frumenti

271 448 595 490 commeatusque
615 440 746 490 diripit
764 455 774 488 ,-
804 440 908 490 ipsos
930 438 1137 477 crudeliter
1150 437 1390 476 excruciatos
1411 436 1601 475 interficit.

213 520 252 542 10
272 505 444 543 Nuntios
472 512 552 544 tota
581 505 736 543 civitate
765 506 997 543 Aeduorum
1024 503 1194 550 dimittit,
1225 503 1367 541 eodem
1397 501 1605 540 mendacio
1624 510 1641 541 5

271 570 321 607 de
359 570 481 608 caede
524 569 700 619 equitum
739 576 777 607 et
814 568 1036 618 principum
1077 575 1306 617 permovet;
1354 568 1529 605 hortatur
1562 573 1605 604 ut

271 634 387 672 simili
412 634 561 673 ratione
587 641 706 684 atque
731 633 815 683 ipse
844 633 978 671 fecerit
1008 646 1096 671 suas
1129 632 1286 670 iniurias
1307 639 1600 682 persequantur.

148 713 154 717 “
195 708 250 745 39
330 699 574 749 Eporedorix
601 700 776 746 Aeduus,
818 712 974 736 summo
1021 699 1109 736 loco
1153 706 1266 735 natus
1304 698 1536 735 adulescens
1566 702 1605 734 et

271 778 448 802 summae
478 763 586 802 domi
620 763 830 813 potentiae,
864 771 902 801 et
936 776 1014 800 una
1044 761 1325 808 Viridomarus,
1362 760 1444 810 pari
1477 767 1603 798 aetate

270 835 308 867 et
345 828 466 879 gratia
504 829 573 867 sed
611 842 752 879 genere
791 827 947 877 dispari,
985 840 1103 877 quem
1144 827 1288 865 Caesar
1320 826 1370 863 ab
1402 824 1605 863 Diviciaco
1625 833 1664 855 10

270 893 344 932 sibi
372 893 557 932 traditum
589 907 635 932 ex
669 892 807 932 humili
837 894 926 930 loco
952 893 1003 930 ad
1035 905 1231 930 summam
1261 890 1491 940 dignitatem
1521 903 1604 939 per-

269 959 442 1005 duxerat,
480 958 519 996 in
561 957 737 1008 equitum
777 970 942 995 numero
981 963 1248 994 convenerant
1284 954 1518 992 nominatim
1552 953 1602 991 ab

233 1036 246 1056 2
270 1036 317 1061 eo
347 1022 507 1061 evocati.
571 1022 647 1060 His
676 1029 756 1060 erat
783 1021 882 1059 inter
915 1034 957 1059 se
986 1021 1037 1059 de
1064 1019 1285 1070 principatu
1319 1017 1530 1064 contentio,
1565 1024 1604 1055 et

269 1087 309 1125 in
334 1087 397 1126 illa
429 1087 724 1137 magistratuum
756 1085 1021 1125 controversia
1051 1087 1148 1124 alter
1181 1098 1251 1134 pro
1287 1081 1599 1129 Convictolitavi,

231 1154 364 1191 3alter
404 1166 475 1203 pro
518 1153 621 1192 Coto
667 1152 830 1190 summis
876 1150 1018 1200 opibus
1061 1156 1339 1201 pugnaverant.
1427 1149 1487 1186 Ex
1541 1146 1661 1190 hi515

270 1217 514 1267 Eporedorix
553 1217 711 1267 cognito
759 1215 947 1254 Litavicci
995 1215 1161 1254 consilio
1201 1214 1333 1253 media
1371 1215 1450 1253 fere
1485 1220 1602 1252 nocte

269 1295 349 1319 rem
397 1283 448 1320 ad
498 1283 705 1321 Caesarem
754 1282 878 1320 defert
896 1295 906 1328 ,·
967 1287 1051 1319 orat
1088 1294 1139 1319 ne
1190 1279 1358 1330 patiatur
1405 1278 1601 1317 civitatem

269 1346 394 1396 pravis
426 1347 738 1386 adulescentium
774 1345 945 1385 consiliis
977 1346 1028 1384 ab
1059 1345 1231 1384 amicitia
1261 1344 1398 1395 populi
1430 1342 1602 1382 Romani

269 1412 460 1458 deficere,
510 1412 618 1461 quod
657 1413 829 1449 futurum
871 1410 1083 1460 provideat,
1127 1410 1157 1448 si
1203 1424 1244 1448 se
1290 1418 1347 1448 tot
1394 1408 1601 1448 hominum

270 1474 375 1513 milia
408 1489 498 1513 curn
534 1475 712 1513 hostibus
747 1474 1030 1521 coniunxerint,
1064 1488 1232 1525 quorum
1271 1476 1437 1513 salutern
1472 1488 1601 1524 neque
1624 1491 1661 1512 20

269 1539 478 1590 propinqui
513 1542 716 1591 neglegere
743 1554 872 1590 neque
901 1540 1035 1578 civitas
1066 1540 1141 1578 levi
1168 1548 1372 1579 momento
1396 1539 1601 1579 aestimare

269 1614 410 1654 posset.

191 1685 246 1722 40
324 1671 471 1719 Magna
503 1671 681 1709 adfectus
713 1670 976 1709 sollicitudine
1007 1672 1082 1709 hoc
1119 1670 1258 1709 nuntio
1296 1672 1449 1718 Caesar,
1492 1671 1601 1721 quod

268 1747 422 1783 semper
447 1735 679 1773 Aeduorum
706 1734 851 1772 civitati
879 1734 1087 1784 praecipue
1115 1735 1338 1782 indulserat,
1362 1736 1469 1774 nulla
1488 1735 1601 1774 inter-

268 1799 394 1849 posita
414 1799 660 1838 dubitatione
681 1799 854 1850 legiones
876 1800 1077 1849 expeditas
1098 1808 1282 1850 quattuor
1302 1801 1599 1851 equitatumque
1621 1815 1658 1846 25

230 1879 243 1899 2
267 1878 425 1902 omnem
454 1878 500 1902 ex
523 1863 656 1902 castris
683 1864 839 1912 educit3
870 1878 942 1902 nec
963 1864 1034 1902 suit
1064 1865 1232 1914 spatium
1258 1864 1323 1903 tali
1350 1872 1525 1914 tempore
1548 1865 1600 1903 ad

267 1930 535 1968 contrahenda
560 1937 694 1976 castra,
719 1931 827 1980 quod
857 1944 915 1968 res
946 1929 1073 1980 posita
1093 1929 1132 1968 in
1154 1930 1350 1969 celeritate
1370 1930 1600 1977 videbatur3

228 2005 245 2034 3
267 1995 309 2033 C.
342 1994 506 2032 Fabium
542 1996 712 2045 legatum
752 2009 842 2033 cum
882 1994 1100 2045 legionibus
1139 1995 1293 2034 duabus
1327 1994 1460 2033 castris
1494 2007 1600 2044 prae-

266 2057 365 2097 sidio
395 2058 587 2109 relinquit.
649 2061 800 2098 Fratres
826 2059 1023 2106 Litavicci,
1048 2073 1138 2098 cum
1159 2059 1442 2110 comprehendi
1472 2058 1599 2097 iussis-

225 2130 332 2169 4set,
373 2124 491 2172 paulo
535 2131 626 2162 ante
672 2124 813 2173 reperit
857 2125 908 2162 ad
956 2123 1078 2162 hostis
1124 2124 1276 2174 fugisse.
1353 2124 1597 2162 Adhortatus
1618 2138 1658 2169 30

265 2187 404 2226 milites
429 2202 478 2226 ne
508 2189 728 2227 necessario
755 2197 931 2239 tempore
959 2188 1104 2227 itineris
1131 2190 1264 2227 labore
1284 2196 1592 2238 permoveantur,

263 2252 525 2301 cupidissimis
547 2253 731 2291 omnibus
752 2266 978 2303 progressus
999 2253 1105 2292 milia
1125 2267 1312 2304 passuum
1332 2265 1429 2300 xxv,
1452 2266 1594 2303 agmen

263 2318 494 2356 Aeduorum
522 2318 772 2369 conspicatus
802 2318 979 2358 immisso
1014 2319 1189 2370 equitatu
1216 2318 1288 2358 iter
1315 2331 1450 2358 eorum
1471 2331 1594 2357 niora-

305 2430 324 2458 5
350 2420 383 2450 in
399 2421 518 2452 eodem
536 2423 558 2455 β
663 2422 684 2451 6
707 2426 892 2462 permovet,
914 2421 958 2453 cd.
979 2431 1019 2460 3:
1044 2424 1178 2462 pinon&
1198 2420 1325 2457 A'Rss:
1349 2423 1482 2462 pman&
1497 2419 1547 2451 Β1
