1706 2729
459 631 516 682 C.
574 630 725 681 IVLI
779 630 1155 682 CAESARIS

586 765 1038 796 COMMENTARIORVM

320 874 440 931 DE
506 873 820 932 BELLO
885 872 1310 931 GALLICO

589 1017 758 1054 LIBER
796 1017 1037 1054 TERTIVS

209 1135 307 1173 CUM
330 1135 369 1173 in
398 1135 549 1173 Italiam
575 1134 882 1185 proficisceretur
911 1136 1065 1181 Caesar,
1089 1136 1167 1172 Ser.
1192 1135 1359 1173 Galbam
1389 1146 1480 1172 cum
1499 1144 1516 1171 1

156 1198 307 1249 legione
348 1212 419 1237 ΧΠ.
463 1208 500 1237 et
543 1207 649 1249 parte
690 1199 883 1249 equitatus
924 1199 962 1236 in
1005 1201 1232 1245 Nantuates,
1274 1201 1476 1248 Veragros,

157 1264 415 1313 Sedunosque
437 1264 549 1311 misit,
566 1264 632 1313 qui
646 1277 667 1302 a
681 1263 823 1302 finibus
838 1264 1094 1313 Allobrogum
1116 1272 1153 1301 et
1174 1265 1260 1301 lacu
1276 1265 1480 1301 Lemanno

156 1335 193 1365 et
225 1328 384 1366 flumine
418 1329 616 1366 Rhodano
649 1329 699 1366 ad
734 1341 905 1365 summas
939 1327 1048 1377 Alpis
1087 1327 1291 1377 pertinent.
1351 1327 1480 1365 Causa
1502 1342 1516 1362 2

118 1407 134 1436 5
158 1392 335 1430 mittendi
361 1392 429 1430 fuit
460 1394 566 1442 quod
594 1392 664 1430 iter
690 1406 757 1442 per
778 1392 898 1442 Alpis,
923 1405 1002 1441 quo
1030 1405 1171 1441 magno
1192 1405 1282 1429 cum
1308 1391 1480 1441 periculo

157 1456 383 1507 magnisque
404 1470 493 1495 cum
515 1456 693 1506 portoriis
715 1464 947 1495 mercatores
968 1456 1021 1494 ire
1043 1463 1286 1502 consuerant,
1306 1455 1479 1506 patefieri

157 1522 319 1559 volebat.
382 1521 488 1559 Huic
513 1521 695 1571 permisit,
720 1521 750 1558 si
772 1534 869 1571 opus
895 1534 978 1559 esse
1005 1521 1260 1567 arbitraretur,
1285 1520 1339 1558 uti
1361 1520 1399 1557 in
1421 1520 1480 1557 his
1502 1531 1519 1561 3

157 1585 250 1623 locis
271 1585 463 1635 legionem
489 1584 686 1623 hiemandi
717 1598 832 1623 causa
859 1587 1076 1623 collocaret.
1138 1585 1273 1631 Galba,
1298 1584 1480 1622 secundis
1500 1594 1519 1623 4

156 1649 304 1699 aliquot
324 1650 477 1699 proeliis
500 1650 609 1687 factis
633 1649 877 1699 castellisque
898 1649 1164 1699 compluribus
1186 1662 1319 1687 eorum
1342 1662 1481 1698 expug-

100 1730 138 1752 10
159 1713 268 1759 natis,
292 1714 416 1751 missis
443 1716 492 1753 ad
517 1727 606 1752 eum
638 1714 811 1763 undique
838 1713 972 1763 legatis
1002 1713 1286 1762 obsidibusque
1313 1712 1413 1750 datis
1443 1720 1479 1749 et

159 1791 254 1827 pace
276 1779 384 1824 facta,
404 1778 604 1816 constituit
626 1778 796 1816 cohortis
819 1779 915 1816 duas
936 1778 974 1815 in
992 1777 1255 1815 Nantuatibus
1276 1778 1478 1822 collocare,

159 1851 195 1880 et
223 1842 304 1892 ipse
332 1856 420 1880 cuni
451 1843 606 1892 reliquis
638 1843 719 1881 eius
750 1843 911 1892 legionis
943 1841 1168 1880 cohortibus
1196 1841 1234 1878 in
1259 1840 1345 1879 vico
1366 1843 1481 1878 Vera-

159 1920 324 1957 grorum,
341 1907 405 1956 qui
419 1909 633 1957 appellatur
648 1908 881 1953 Octodurus,
899 1906 1069 1944 hiemare
1086 1921 1094 1952 ,-
1118 1905 1183 1955 qui
1205 1905 1311 1943 vicus
1332 1904 1480 1955 positus
1502 1918 1518 1947 5

160 1972 199 2009 in
231 1973 338 2017 valle,
380 1985 457 2009 non
494 1985 631 2021 magna
664 1971 815 2010 adiecta
854 1971 1021 2021 planitie,
1053 1970 1247 2008 altissimis
1282 1969 1481 2007 montibus

104 2052 139 2083 15
162 2035 335 2084 undique
380 2035 609 2074 continetur.
687 2037 789 2074 Cum
833 2035 895 2073 hic
935 2035 974 2072 in
1017 2036 1113 2073 duas
1158 2033 1275 2083 partis
1321 2033 1481 2071 flumine
1501 2041 1520 2071 6

161 2099 405 2146 divideretur,
428 2101 586 2138 alteram
611 2107 759 2149 partem
779 2099 861 2137 eius
881 2099 955 2137 vici
976 2099 1096 2137 Gallis
1119 2097 1185 2150 [ad
1209 2096 1480 2149 hiemandum]

162 2164 363 2210 concessit,
387 2166 545 2202 alteram
570 2178 731 2202 vacuam
758 2164 807 2202 ab
835 2164 894 2201 his
924 2163 1095 2202 relictam
1126 2162 1352 2201 cohortibus
1382 2162 1483 2199 attri-

163 2228 255 2266 buit.
317 2231 417 2266 Eum
440 2230 569 2266 locum
592 2230 691 2266 vallo
711 2229 891 2278 fossaque
914 2228 1086 2266 munivit.

216 2294 317 2331 Cum
342 2291 425 2330 dies
452 2291 704 2331 hibernorum
732 2294 951 2342 complures
977 2291 1203 2330 transissent
1231 2293 1482 2329 frumentum-
1501 2302 1524 2328 2

210 2404 246 2433 15
272 2394 325 2424 hic
346 2394 407 2424 ΠΒ
422 2404 498 2424 corr.
516 2406 521 2424 :
547 2394 624 2424 hinc
640 2394 696 2424 aT
760 2395 896 2425 flumine
912 2395 969 2429 βΒ
983 2405 1058 2425 corr.
1077 2406 1083 2424 z
1109 2396 1231 2426 flumen
1249 2407 1267 2425 α
1380 2396 1417 2424 16
1442 2395 1481 2424 ad

165 2437 378 2467 hiemandum
396 2436 447 2468 X:
467 2437 522 2467 del.
542 2437 692 2467 Kramr:
718 2441 792 2477 post
808 2438 1002 2468 cohortibus
1014 2443 1090 2478 pon.
1113 2438 1309 2478 Oudendorp

207 2503 349 2524 CAESAR.
370 2503 438 2526 Rc.
1383 2504 1399 2533 4
