1706 2729
642 147 685 185 C.
721 148 835 184 IVLI
868 147 1135 185 CAESARIS

222 260 365 306 omnia,
410 272 573 298 numero
623 260 673 297 ad
724 259 947 306 duodecim,
992 259 1098 297 vicos
1143 260 1193 298 ad
1233 259 1549 311 quadringentos,

183 342 199 371 ρ,
222 324 371 373 reliqua
412 324 560 374 privata
611 323 792 362 aedificia
842 323 1081 371 incendunt3
1130 325 1368 363 frumentum
1420 337 1550 372 omne,

222 397 492 439 praeterquam
531 390 639 439 quod
675 401 808 427 secum
847 388 1034 438 portaturi
1074 398 1192 436 erant,
1229 390 1477 437 comburunt,
1511 398 1553 428 ut

220 454 385 492 domum
413 453 614 492 reditionis
637 466 706 502 spe
734 453 887 491 sublata
912 452 1123 502 paratiores
1151 454 1201 491 ad
1223 454 1355 492 omnia
1381 454 1553 504 pericula

220 519 427 557 subeunda
462 526 591 556 essent
609 532 619 565 ,⁴
651 517 767 556 trium
789 531 970 556 mensum
1001 517 1136 555 molita
1161 517 1305 556 cibaria
1326 518 1399 556 sibi
1421 532 1553 569 quern-
1572 529 1590 559 5

180 603 201 632 4
220 597 297 634 que
318 585 440 622 domo
464 584 598 621 efferre
620 582 767 620 iubent.
830 583 1071 620 Persuadent
1100 581 1278 620 Rauricis
1308 590 1345 621 et
1374 583 1553 633 Tulingis

220 656 257 686 et
290 647 485 686 Latovicis
520 646 695 684 finitimis
729 646 807 685 suis
841 646 897 684 uti
928 647 1070 685 eodem
1100 646 1160 684 usi
1191 646 1366 694 consilio,
1396 647 1553 697 oppidis

219 712 297 751 suis
324 712 499 762 vicisque
527 711 682 758 exustis,
706 724 784 750 una
813 725 903 749 cum
931 710 986 749 eis
1012 710 1317 760 proficiscantur,
1341 711 1551 761 Boiosque,

219 777 286 828 qui
311 785 415 816 trans
439 779 626 816 Rhenum
656 777 899 815 incoluerant
930 783 968 815 et
999 775 1038 814 in
1067 789 1201 826 agrum
1223 775 1414 815 Noricum
1434 783 1553 814 trans-

220 843 341 881 ierant
377 842 645 892 Noreiamque
675 849 957 892 oppugnarant‚
980 849 1157 891 receptos
1184 841 1235 879 ad
1256 853 1297 879 se
1324 841 1451 879 socios
1478 840 1552 879 sibi
1574 856 1613 878 10

219 908 425 946 asciscunt.

172 977 200 1015 6
277 974 399 1011 Erant
421 971 585 1010 omnino
612 970 751 1010 itinera
777 972 869 1018 duo,
893 970 1036 1021 quibus
1066 969 1269 1008 itineribus
1299 970 1421 1008 domo
1451 969 1552 1008 exire

220 1045 405 1087 possent:
450 1051 573 1076 unum
604 1050 672 1087 per
702 1038 918 1087 Sequanos,
941 1043 1151 1085 angustum
1184 1043 1221 1073 et
1253 1033 1421 1081 difficile,
1454 1034 1553 1073 inter

221 1110 397 1141 montem
448 1104 579 1140 Iuram
628 1109 666 1140 et
712 1103 859 1139 fiumen
902 1101 1157 1146 Rhodanum,
1194 1099 1257 1137 vix
1295 1113 1373 1149 qua
1412 1099 1552 1150 singuli

221 1167 315 1206 carri
350 1169 608 1215 ducerentur3
651 1180 766 1205 mons
797 1173 929 1204 autem
962 1165 1172 1204 altissimus
1211 1164 1477 1214 impendebat,
1511 1172 1552 1204 ut
1574 1180 1611 1212 15

184 1246 198 1266 2
220 1233 332 1272 facile
363 1233 547 1284 perpauci
579 1232 786 1283 prohibere
817 1239 1001 1281 possent:
1032 1233 1196 1270 alterum
1218 1244 1286 1280 per
1311 1230 1553 1280 provinciam

221 1306 404 1345 nostram,
441 1299 565 1336 multo
600 1297 749 1335 facilius
784 1304 903 1345 atque
938 1295 1167 1345 expeditius,
1202 1302 1407 1344 propterea
1445 1296 1554 1344 quod

220 1364 319 1402 inter
352 1363 438 1401 finis
474 1362 747 1401 Helvetiorum
781 1370 820 1400 et
855 1362 1125 1411 Allobrogum,
1159 1361 1225 1410 qui
1264 1374 1388 1411 nuper
1426 1358 1554 1409 pacati

220 1436 339 1474 erant,
366 1428 585 1466 Rhodanus
609 1426 704 1473 fluit,
730 1426 841 1476 isque
868 1439 947 1464 non
970 1425 1085 1463 nullis
1107 1425 1203 1463 locis
1232 1425 1334 1463 vado
1358 1422 1550 1462 transitur.

182 1497 199 1527 3
221 1493 448 1530 Extremum
483 1490 674 1540 oppidum
701 1490 960 1539 Allobrogum
992 1497 1049 1527 est
1076 1488 1376 1538 proximumque
1411 1487 1554 1524 Helve-
1574 1503 1614 1525 20

220 1555 361 1594 tiorum
397 1555 540 1593 finibus
570 1555 740 1593 Genava.
804 1555 862 1591 Ex
889 1566 936 1591 eo
963 1552 1111 1602 oppido
1138 1565 1238 1601 pons
1264 1551 1315 1589 ad
1348 1549 1553 1588 Helvetios

219 1620 396 1670 pertinet.
460 1618 740 1668 Allobrogibus
763 1631 847 1656 sese
868 1619 928 1656 vel
950 1629 1212 1667 persuasuros,
1236 1616 1344 1665 quod
1374 1615 1553 1653 nondum

220 1685 328 1722 bono
362 1684 495 1722 animo
534 1683 572 1720 in
612 1683 803 1732 populum
841 1684 1068 1719 Romanum
1102 1680 1335 1726 viderentur,
1364 1677 1554 1717 existima-

221 1750 315 1787 bant
354 1750 414 1786 vel
455 1748 490 1785 vi
538 1754 741 1786 coacturos
782 1754 823 1784 ut
868 1759 936 1795 per
975 1758 1066 1783 suos
1104 1744 1191 1782 finis
1236 1756 1303 1782 eos
1350 1742 1404 1781 ire
1450 1750 1553 1792 pate-

180 1833 200 1862 4
220 1820 360 1851 rentur.
422 1811 619 1851 Omnibus
652 1811 767 1849 rebus
788 1811 839 1848 ad
867 1808 1152 1858 profectionem
1179 1805 1424 1856 comparatis,
1447 1805 1551 1844 diem
1574 1818 1612 1850 ²5

219 1876 368 1922 dicunt,
400 1888 478 1926 qua
499 1875 563 1913 die
592 1876 643 1913 ad
671 1874 795 1924 ripam
822 1872 1009 1911 Rhodani
1039 1884 1177 1910 omnes
1206 1869 1452 1909 conveniant.
1514 1870 1553 1907 Is

220 1940 304 1979 dies
337 1948 417 1978 erat
447 1953 479 1977 a.
500 1940 535 1977 d.
561 1940 607 1976 V.
644 1939 730 1976 Kal.
764 1936 900 1986 April„
931 1938 972 1974 L.
1007 1935 1151 1974 Pisone
1179 1937 1226 1972 A.
1260 1933 1432 1972 Gabinio
1464 1945 1554 1971 con-

222 2003 381 2042 sulibus.

177 2076 201 2114 7
280 2067 439 2108 Caesari
479 2080 570 2106 curn
610 2067 651 2106 id
691 2066 913 2105 nuntiatum
953 2071 1066 2111 esset,
1099 2076 1167 2102 eos
1205 2075 1275 2112 per
1311 2060 1552 2111 provinciam

225 2139 397 2170 nostram
430 2132 500 2170 iter
531 2132 657 2169 facere
690 2130 834 2176 conari,
867 2136 1033 2167 maturat
1066 2127 1117 2165 ab
1151 2127 1247 2164 urbe
1277 2123 1482 2175 proficisci,
1515 2130 1553 2161 et
1574 2132 1615 2164 30

223 2210 342 2247 quam
367 2196 544 2234 maximis
573 2203 702 2246 potest
733 2193 936 2233 itineribus
958 2193 997 2231 in
1019 2191 1187 2230 Galliam
1214 2188 1437 2228 ulteriorem
1463 2200 1554 2225 con-

188 2276 203 2296 2
223 2261 361 2308 tendit,
401 2270 438 2300 et
477 2263 528 2300 ad
569 2262 772 2299 Genavam
813 2257 998 2309 pervenit.
1059 2254 1288 2294 Provinciae
1325 2252 1397 2291 toti
1435 2264 1552 2301 quam

228 2327 441 2365 maximum
473 2333 603 2376 potest
634 2324 801 2362 militum
832 2335 1039 2362 numerum
1070 2320 1234 2369 imperat
1265 2317 1362 2367 (erat
1390 2315 1554 2354 omnino

274 2442 293 2470 5
321 2439 472 2460 mensum
489 2441 507 2460 α
523 2440 529 2459 z
554 2428 718 2459 mensium
735 2429 757 2461 β
884 2435 921 2455 21
950 2424 1068 2455 Genua
1086 2422 1122 2453 X
1240 2428 1281 2460 32
1307 2418 1458 2450 Genuam
1476 2416 1513 2447 X
