<?xml version="1.0" encoding="UTF-8"?>
<!DOCTYPE html PUBLIC "-//W3C//DTD XHTML 1.0 Transitional//EN"
    "http://www.w3.org/TR/xhtml1/DTD/xhtml1-transitional.dtd">
<html xmlns="http://www.w3.org/1999/xhtml" xml:lang="en" lang="en">
 <head>
  <title>
</title>
<meta http-equiv="Content-Type" content="text/html;charset=utf-8" />
  <meta name='ocr-system' content='tesseract 3.04.00' />
  <meta name='ocr-capabilities' content='ocr_page ocr_carea ocr_par ocr_line ocrx_word'/>
</head>
<body>
  <div class='ocr_page' id='page_1' title='image "./commentariorumpa01caesuoft_0201.png"; bbox 0 0 1768 2739; ppageno 0'>
   <div class='ocr_carea' id='block_1_1' title="bbox 449 143 1259 184">
    <p class='ocr_par' dir='ltr' id='par_1_1' title="bbox 449 143 1259 184">
     <span class='ocr_line' id='line_1_1' title="bbox 449 143 1259 184; baseline 0.004 -3"><span class='ocrx_word' id='word_1_1' title='bbox 449 144 523 182; x_wconf 92' lang='lat' dir='ltr'>DE</span> <span class='ocrx_word' id='word_1_2' title='bbox 555 143 734 183; x_wconf 89' lang='lat' dir='ltr'><strong>BELLO</strong></span> <span class='ocrx_word' id='word_1_3' title='bbox 764 144 1010 184; x_wconf 92' lang='lat' dir='ltr'>GALLICO</span> <span class='ocrx_word' id='word_1_4' title='bbox 1042 145 1144 183; x_wconf 91' lang='lat' dir='ltr'>LIB.</span> <span class='ocrx_word' id='word_1_5' title='bbox 1176 145 1259 184; x_wconf 92' lang='lat' dir='ltr'>VII</span> 
     </span>
    </p>
   </div>
   <div class='ocr_carea' id='block_1_2' title="bbox 110 255 1589 2308">
    <p class='ocr_par' dir='ltr' id='par_1_2' title="bbox 189 255 1589 502">
     <span class='ocr_line' id='line_1_2' title="bbox 247 255 1589 309; baseline 0.001 -12"><span class='ocrx_word' id='word_1_6' title='bbox 247 259 403 297; x_wconf 85' lang='lat' dir='ltr'>Interea</span> <span class='ocrx_word' id='word_1_7' title='bbox 422 256 626 297; x_wconf 86' lang='lat' dir='ltr'>Commius</span> <span class='ocrx_word' id='word_1_8' title='bbox 647 255 864 306; x_wconf 83' lang='lat' dir='ltr'>reliquique</span> <span class='ocrx_word' id='word_1_9' title='bbox 888 257 1008 295; x_wconf 88' lang='lat' dir='ltr'>duces</span> <span class='ocrx_word' id='word_1_10' title='bbox 1034 257 1176 307; x_wconf 89' lang='lat' dir='ltr'>quibus</span> <span class='ocrx_word' id='word_1_11' title='bbox 1201 271 1356 296; x_wconf 89' lang='lat' dir='ltr'>summa</span> <span class='ocrx_word' id='word_1_12' title='bbox 1376 257 1514 309; x_wconf 90' lang='lat' dir='ltr'>imperi</span> <span class='ocrx_word' id='word_1_13' title='bbox 1536 260 1589 299; x_wconf 89' lang='grc'>79</span> 
     </span>
     <span class='ocr_line' id='line_1_3' title="bbox 190 320 1515 372; baseline 0.002 -13"><span class='ocrx_word' id='word_1_14' title='bbox 190 321 379 371; x_wconf 87' lang='lat' dir='ltr'>permissa</span> <span class='ocrx_word' id='word_1_15' title='bbox 398 329 478 360; x_wconf 88' lang='lat' dir='ltr'>erat</span> <span class='ocrx_word' id='word_1_16' title='bbox 499 334 588 359; x_wconf 88' lang='lat' dir='ltr'>cum</span> <span class='ocrx_word' id='word_1_17' title='bbox 610 320 794 359; x_wconf 88' lang='lat' dir='ltr'>omnibus</span> <span class='ocrx_word' id='word_1_18' title='bbox 815 320 938 370; x_wconf 86' lang='lat' dir='ltr'>copiis</span> <span class='ocrx_word' id='word_1_19' title='bbox 959 322 1009 359; x_wconf 91' lang='lat' dir='ltr'>ad</span> <span class='ocrx_word' id='word_1_20' title='bbox 1030 321 1203 360; x_wconf 79' lang='lat' dir='ltr'>Alesiam</span> <span class='ocrx_word' id='word_1_21' title='bbox 1224 323 1456 372; x_wconf 90' lang='lat' dir='ltr'>perveniunt</span> <span class='ocrx_word' id='word_1_22' title='bbox 1477 331 1515 362; x_wconf 91' lang='lat' dir='ltr'>et</span> 
     </span>
     <span class='ocr_line' id='line_1_4' title="bbox 189 385 1515 438; baseline 0.003 -15"><span class='ocrx_word' id='word_1_23' title='bbox 189 388 290 425; x_wconf 89' lang='lat' dir='ltr'>colle</span> <span class='ocrx_word' id='word_1_24' title='bbox 327 386 513 425; x_wconf 85' lang='lat' dir='ltr'>exteriore</span> <span class='ocrx_word' id='word_1_25' title='bbox 551 393 744 436; x_wconf 87' lang='lat' dir='ltr'>occupato</span> <span class='ocrx_word' id='word_1_26' title='bbox 783 399 863 424; x_wconf 93' lang='lat' dir='ltr'>non</span> <span class='ocrx_word' id='word_1_27' title='bbox 906 385 1059 435; x_wconf 88' lang='lat' dir='ltr'>longius</span> <span class='ocrx_word' id='word_1_28' title='bbox 1104 387 1209 425; x_wconf 92' lang='lat' dir='ltr'>mille</span> <span class='ocrx_word' id='word_1_29' title='bbox 1247 388 1426 438; x_wconf 86' lang='lat' dir='ltr'>passibus</span> <span class='ocrx_word' id='word_1_30' title='bbox 1464 388 1515 427; x_wconf 90' lang='lat' dir='ltr'>ab</span> 
     </span>
     <span class='ocr_line' id='line_1_5' title="bbox 189 449 1551 502; baseline 0.002 -13"><span class='ocrx_word' id='word_1_31' title='bbox 189 451 329 489; x_wconf 89' lang='lat' dir='ltr'>nostris</span> <span class='ocrx_word' id='word_1_32' title='bbox 364 450 647 489; x_wconf 86' lang='lat' dir='ltr'>munitionibus</span> <span class='ocrx_word' id='word_1_33' title='bbox 686 449 907 489; x_wconf 88' lang='lat' dir='ltr'>considunt.</span> <span class='ocrx_word' id='word_1_34' title='bbox 968 453 1131 489; x_wconf 85' lang='lat' dir='ltr'>Postero</span> <span class='ocrx_word' id='word_1_35' title='bbox 1162 451 1226 490; x_wconf 90' lang='lat' dir='ltr'>die</span> <span class='ocrx_word' id='word_1_36' title='bbox 1260 452 1435 502; x_wconf 89' lang='lat' dir='ltr'>equitatu</span> <span class='ocrx_word' id='word_1_37' title='bbox 1469 467 1515 492; x_wconf 85' lang='lat' dir='ltr'>ex</span> <span class='ocrx_word' id='word_1_38' title='bbox 1537 469 1551 491; x_wconf 85' lang='lat'><strong>2</strong></span> 
     </span>
    </p>

    <p class='ocr_par' dir='ltr' id='par_1_3' title="bbox 150 513 1551 823">
     <span class='ocr_line' id='line_1_6' title="bbox 150 513 1514 565; baseline 0 -11"><span class='ocrx_word' id='word_1_39' title='bbox 150 524 168 556; x_wconf 89' lang='grc'>5</span> <span class='ocrx_word' id='word_1_40' title='bbox 188 515 321 553; x_wconf 85' lang='lat' dir='ltr'>castris</span> <span class='ocrx_word' id='word_1_41' title='bbox 342 516 496 561; x_wconf 91' lang='lat' dir='ltr'>educto,</span> <span class='ocrx_word' id='word_1_42' title='bbox 515 527 674 552; x_wconf 89' lang='lat' dir='ltr'>omnem</span> <span class='ocrx_word' id='word_1_43' title='bbox 695 527 781 552; x_wconf 90' lang='lat' dir='ltr'>eam</span> <span class='ocrx_word' id='word_1_44' title='bbox 802 513 1005 564; x_wconf 78' lang='lat' dir='ltr'>planitiem</span> <span class='ocrx_word' id='word_1_45' title='bbox 1026 528 1143 564; x_wconf 89' lang='lat' dir='ltr'>quam</span> <span class='ocrx_word' id='word_1_46' title='bbox 1166 514 1204 553; x_wconf 91' lang='lat' dir='ltr'>in</span> <span class='ocrx_word' id='word_1_47' title='bbox 1226 515 1514 565; x_wconf 85' lang='lat' dir='ltr'>longitudinem</span> 
     </span>
     <span class='ocr_line' id='line_1_7' title="bbox 189 578 1514 630; baseline 0.002 -13"><span class='ocrx_word' id='word_1_48' title='bbox 189 578 260 617; x_wconf 90' lang='lat' dir='ltr'>tria</span> <span class='ocrx_word' id='word_1_49' title='bbox 280 579 385 617; x_wconf 91' lang='lat' dir='ltr'>milia</span> <span class='ocrx_word' id='word_1_50' title='bbox 405 592 591 629; x_wconf 83' lang='lat' dir='ltr'>passuum</span> <span class='ocrx_word' id='word_1_51' title='bbox 612 586 744 628; x_wconf 89' lang='lat' dir='ltr'>patere</span> <span class='ocrx_word' id='word_1_52' title='bbox 767 578 1123 617; x_wconf 88' lang='lat' dir='ltr'>demonstravimus</span> <span class='ocrx_word' id='word_1_53' title='bbox 1144 581 1356 629; x_wconf 89' lang='lat' dir='ltr'>complent,</span> <span class='ocrx_word' id='word_1_54' title='bbox 1378 582 1514 630; x_wconf 87' lang='lat' dir='ltr'>pedes-</span> 
     </span>
     <span class='ocr_line' id='line_1_8' title="bbox 187 643 1514 694; baseline 0.002 -13"><span class='ocrx_word' id='word_1_55' title='bbox 187 643 331 694; x_wconf 89' lang='lat' dir='ltr'>trisque</span> <span class='ocrx_word' id='word_1_56' title='bbox 351 643 483 693; x_wconf 92' lang='lat' dir='ltr'>copias</span> <span class='ocrx_word' id='word_1_57' title='bbox 508 645 668 693; x_wconf 91' lang='lat' dir='ltr'>paulum</span> <span class='ocrx_word' id='word_1_58' title='bbox 695 643 746 682; x_wconf 81' lang='lat' dir='ltr'>ab</span> <span class='ocrx_word' id='word_1_59' title='bbox 770 657 817 682; x_wconf 93' lang='lat' dir='ltr'>eo</span> <span class='ocrx_word' id='word_1_60' title='bbox 841 645 930 683; x_wconf 95' lang='lat' dir='ltr'>loco</span> <span class='ocrx_word' id='word_1_61' title='bbox 954 643 1107 682; x_wconf 86' lang='lat' dir='ltr'>abditas</span> <span class='ocrx_word' id='word_1_62' title='bbox 1135 643 1174 682; x_wconf 87' lang='lat' dir='ltr'>in</span> <span class='ocrx_word' id='word_1_63' title='bbox 1195 644 1291 683; x_wconf 90' lang='lat' dir='ltr'>locis</span> <span class='ocrx_word' id='word_1_64' title='bbox 1312 645 1514 694; x_wconf 89' lang='lat' dir='ltr'>superiori-</span> 
     </span>
     <span class='ocr_line' id='line_1_9' title="bbox 187 708 1551 759; baseline 0.001 -13"><span class='ocrx_word' id='word_1_65' title='bbox 187 709 258 746; x_wconf 91' lang='lat' dir='ltr'>bus</span> <span class='ocrx_word' id='word_1_66' title='bbox 297 708 550 747; x_wconf 90' lang='lat' dir='ltr'>constituunt.</span> <span class='ocrx_word' id='word_1_67' title='bbox 629 710 721 746; x_wconf 85' lang='lat' dir='ltr'>Erat</span> <span class='ocrx_word' id='word_1_68' title='bbox 766 722 812 746; x_wconf 87' lang='lat' dir='ltr'>ex</span> <span class='ocrx_word' id='word_1_69' title='bbox 859 708 1008 757; x_wconf 91' lang='lat' dir='ltr'>oppido</span> <span class='ocrx_word' id='word_1_70' title='bbox 1047 708 1180 746; x_wconf 77' lang='lat' dir='ltr'>Alesia</span> <span class='ocrx_word' id='word_1_71' title='bbox 1221 710 1430 759; x_wconf 89' lang='lat' dir='ltr'>despectus</span> <span class='ocrx_word' id='word_1_72' title='bbox 1472 709 1511 747; x_wconf 90' lang='lat' dir='ltr'>in</span> <span class='ocrx_word' id='word_1_73' title='bbox 1534 720 1551 750; x_wconf 78' lang='lat'><strong>3</strong></span> 
     </span>
     <span class='ocr_line' id='line_1_10' title="bbox 185 772 1512 823; baseline 0.002 -12"><span class='ocrx_word' id='word_1_74' title='bbox 185 786 379 823; x_wconf 87' lang='lat' dir='ltr'>campum.</span> <span class='ocrx_word' id='word_1_75' title='bbox 440 775 689 813; x_wconf 87' lang='lat' dir='ltr'>Concurrunt</span> <span class='ocrx_word' id='word_1_76' title='bbox 714 772 773 811; x_wconf 92' lang='lat' dir='ltr'>his</span> <span class='ocrx_word' id='word_1_77' title='bbox 797 772 947 811; x_wconf 80' lang='lat' dir='ltr'>auxiliis</span> <span class='ocrx_word' id='word_1_78' title='bbox 969 773 1058 811; x_wconf 91' lang='lat' dir='ltr'>visis</span> <span class='ocrx_word' id='word_1_79' title='bbox 1073 788 1083 820; x_wconf 89' lang='lat'>;</span> <span class='ocrx_word' id='word_1_80' title='bbox 1112 774 1154 811; x_wconf 91' lang='lat' dir='ltr'>fit</span> <span class='ocrx_word' id='word_1_81' title='bbox 1181 773 1386 823; x_wconf 83' lang='lat' dir='ltr'>gratulatio</span> <span class='ocrx_word' id='word_1_82' title='bbox 1413 773 1512 813; x_wconf 87' lang='lat' dir='ltr'>inter</span> 
     </span>
    </p>

    <p class='ocr_par' dir='ltr' id='par_1_4' title="bbox 128 836 1550 1082">
     <span class='ocr_line' id='line_1_11' title="bbox 128 836 1550 887; baseline 0.001 -12"><span class='ocrx_word' id='word_1_83' title='bbox 128 853 167 875; x_wconf 92' lang='lat'>10</span> <span class='ocrx_word' id='word_1_84' title='bbox 185 850 252 875; x_wconf 91' lang='lat' dir='ltr'>eos</span> <span class='ocrx_word' id='word_1_85' title='bbox 290 845 408 887; x_wconf 87' lang='lat' dir='ltr'>atque</span> <span class='ocrx_word' id='word_1_86' title='bbox 446 837 623 876; x_wconf 92' lang='lat' dir='ltr'>omnium</span> <span class='ocrx_word' id='word_1_87' title='bbox 662 836 783 875; x_wconf 90' lang='lat' dir='ltr'>animi</span> <span class='ocrx_word' id='word_1_88' title='bbox 826 838 877 876; x_wconf 92' lang='lat' dir='ltr'>ad</span> <span class='ocrx_word' id='word_1_89' title='bbox 915 836 1101 875; x_wconf 89' lang='lat' dir='ltr'>laetitiam</span> <span class='ocrx_word' id='word_1_90' title='bbox 1140 836 1365 876; x_wconf 84' lang='lat' dir='ltr'>excitantur.</span> <span class='ocrx_word' id='word_1_91' title='bbox 1438 840 1550 881; x_wconf 87' lang='lat' dir='ltr'>Ita-4</span> 
     </span>
     <span class='ocr_line' id='line_1_12' title="bbox 185 902 1509 953; baseline 0.002 -13"><span class='ocrx_word' id='word_1_92' title='bbox 185 915 262 951; x_wconf 88' lang='lat' dir='ltr'>que</span> <span class='ocrx_word' id='word_1_93' title='bbox 281 902 481 952; x_wconf 90' lang='lat' dir='ltr'>productis</span> <span class='ocrx_word' id='word_1_94' title='bbox 502 902 625 952; x_wconf 91' lang='lat' dir='ltr'>copiis</span> <span class='ocrx_word' id='word_1_95' title='bbox 654 910 745 941; x_wconf 91' lang='lat' dir='ltr'>ante</span> <span class='ocrx_word' id='word_1_96' title='bbox 771 902 963 952; x_wconf 91' lang='lat' dir='ltr'>oppidum</span> <span class='ocrx_word' id='word_1_97' title='bbox 991 902 1203 941; x_wconf 88' lang='lat' dir='ltr'>considunt</span> <span class='ocrx_word' id='word_1_98' title='bbox 1227 910 1265 941; x_wconf 91' lang='lat' dir='ltr'>et</span> <span class='ocrx_word' id='word_1_99' title='bbox 1294 903 1509 953; x_wconf 83' lang='lat' dir='ltr'>proximam</span> 
     </span>
     <span class='ocr_line' id='line_1_13' title="bbox 184 966 1510 1018; baseline 0.002 -14"><span class='ocrx_word' id='word_1_100' title='bbox 184 967 329 1005; x_wconf 89' lang='lat' dir='ltr'>fossam</span> <span class='ocrx_word' id='word_1_101' title='bbox 363 966 533 1005; x_wconf 87' lang='lat' dir='ltr'>cratibus</span> <span class='ocrx_word' id='word_1_102' title='bbox 567 966 745 1016; x_wconf 90' lang='lat' dir='ltr'>integunt</span> <span class='ocrx_word' id='word_1_103' title='bbox 783 974 901 1017; x_wconf 87' lang='lat' dir='ltr'>atque</span> <span class='ocrx_word' id='word_1_104' title='bbox 935 980 1074 1017; x_wconf 83' lang='lat' dir='ltr'>aggere</span> <span class='ocrx_word' id='word_1_105' title='bbox 1113 968 1269 1017; x_wconf 87' lang='lat' dir='ltr'>explent</span> <span class='ocrx_word' id='word_1_106' title='bbox 1308 981 1429 1018; x_wconf 88' lang='lat' dir='ltr'>seque</span> <span class='ocrx_word' id='word_1_107' title='bbox 1459 969 1510 1006; x_wconf 89' lang='lat' dir='ltr'>ad</span> 
     </span>
     <span class='ocr_line' id='line_1_14' title="bbox 183 1031 1108 1082; baseline 0.001 -13"><span class='ocrx_word' id='word_1_108' title='bbox 183 1031 429 1081; x_wconf 89' lang='lat' dir='ltr'>eruptionem</span> <span class='ocrx_word' id='word_1_109' title='bbox 449 1039 567 1081; x_wconf 90' lang='lat' dir='ltr'>atque</span> <span class='ocrx_word' id='word_1_110' title='bbox 587 1031 715 1070; x_wconf 89' lang='lat' dir='ltr'>omnis</span> <span class='ocrx_word' id='word_1_111' title='bbox 736 1045 848 1071; x_wconf 87' lang='lat' dir='ltr'>casus</span> <span class='ocrx_word' id='word_1_112' title='bbox 869 1039 1108 1082; x_wconf 88' lang='lat' dir='ltr'>comparant.</span> 
     </span>
    </p>

    <p class='ocr_par' dir='ltr' id='par_1_5' title="bbox 237 1096 1581 1147">
     <span class='ocr_line' id='line_1_15' title="bbox 237 1096 1581 1147; baseline 0.001 -13"><span class='ocrx_word' id='word_1_113' title='bbox 237 1097 391 1143; x_wconf 87' lang='lat' dir='ltr'>Caesar,</span> <span class='ocrx_word' id='word_1_114' title='bbox 418 1096 526 1135; x_wconf 90' lang='lat' dir='ltr'>omni</span> <span class='ocrx_word' id='word_1_115' title='bbox 555 1096 724 1134; x_wconf 88' lang='lat' dir='ltr'>exercitu</span> <span class='ocrx_word' id='word_1_116' title='bbox 751 1097 802 1135; x_wconf 91' lang='lat' dir='ltr'>ad</span> <span class='ocrx_word' id='word_1_117' title='bbox 828 1104 1033 1147; x_wconf 88' lang='lat' dir='ltr'>utramque</span> <span class='ocrx_word' id='word_1_118' title='bbox 1063 1104 1212 1147; x_wconf 88' lang='lat' dir='ltr'>partem</span> <span class='ocrx_word' id='word_1_119' title='bbox 1244 1097 1507 1136; x_wconf 90' lang='lat' dir='ltr'>munitionum</span> <span class='ocrx_word' id='word_1_120' title='bbox 1528 1098 1581 1136; x_wconf 88' lang='lat'>80</span> 
     </span>
    </p>

    <p class='ocr_par' dir='ltr' id='par_1_6' title="bbox 124 1159 1545 1470">
     <span class='ocr_line' id='line_1_16' title="bbox 124 1159 1508 1211; baseline 0.003 -14"><span class='ocrx_word' id='word_1_121' title='bbox 124 1174 161 1206; x_wconf 84' lang='lat'>15</span> <span class='ocrx_word' id='word_1_122' title='bbox 182 1159 373 1209; x_wconf 89' lang='lat' dir='ltr'>disposito</span> <span class='ocrx_word' id='word_1_123' title='bbox 398 1168 450 1208; x_wconf 83' lang='lat' dir='ltr'>ut,</span> <span class='ocrx_word' id='word_1_124' title='bbox 473 1160 504 1198; x_wconf 94' lang='lat' dir='ltr'>si</span> <span class='ocrx_word' id='word_1_125' title='bbox 531 1174 623 1199; x_wconf 87' lang='lat' dir='ltr'>usus</span> <span class='ocrx_word' id='word_1_126' title='bbox 650 1160 791 1208; x_wconf 86' lang='lat' dir='ltr'>veniat,</span> <span class='ocrx_word' id='word_1_127' title='bbox 814 1175 928 1199; x_wconf 91' lang='lat' dir='ltr'>suum</span> <span class='ocrx_word' id='word_1_128' title='bbox 958 1161 1124 1211; x_wconf 89' lang='lat' dir='ltr'>quisque</span> <span class='ocrx_word' id='word_1_129' title='bbox 1152 1163 1282 1200; x_wconf 90' lang='lat' dir='ltr'>locum</span> <span class='ocrx_word' id='word_1_130' title='bbox 1314 1169 1443 1201; x_wconf 88' lang='lat' dir='ltr'>teneat</span> <span class='ocrx_word' id='word_1_131' title='bbox 1470 1171 1508 1201; x_wconf 87' lang='lat' dir='ltr'>et</span> 
     </span>
     <span class='ocr_line' id='line_1_17' title="bbox 181 1225 1507 1276; baseline 0.002 -13"><span class='ocrx_word' id='word_1_132' title='bbox 181 1225 341 1273; x_wconf 90' lang='lat' dir='ltr'>noverit,</span> <span class='ocrx_word' id='word_1_133' title='bbox 375 1225 591 1275; x_wconf 88' lang='lat' dir='ltr'>equitatum</span> <span class='ocrx_word' id='word_1_134' title='bbox 623 1239 669 1264; x_wconf 86' lang='lat' dir='ltr'>ex</span> <span class='ocrx_word' id='word_1_135' title='bbox 703 1225 836 1264; x_wconf 88' lang='lat' dir='ltr'>castris</span> <span class='ocrx_word' id='word_1_136' title='bbox 872 1225 986 1265; x_wconf 86' lang='lat' dir='ltr'>educi</span> <span class='ocrx_word' id='word_1_137' title='bbox 1019 1233 1056 1264; x_wconf 90' lang='lat' dir='ltr'>et</span> <span class='ocrx_word' id='word_1_138' title='bbox 1088 1226 1279 1276; x_wconf 90' lang='lat' dir='ltr'>proelium</span> <span class='ocrx_word' id='word_1_139' title='bbox 1315 1227 1507 1266; x_wconf 88' lang='lat' dir='ltr'>committi</span> 
     </span>
     <span class='ocr_line' id='line_1_18' title="bbox 180 1289 1544 1343; baseline 0.001 -15"><span class='ocrx_word' id='word_1_140' title='bbox 180 1289 297 1328; x_wconf 88' lang='lat' dir='ltr'>iubet.</span> <span class='ocrx_word' id='word_1_141' title='bbox 359 1293 450 1329; x_wconf 85' lang='lat' dir='ltr'>Erat</span> <span class='ocrx_word' id='word_1_142' title='bbox 484 1304 530 1329; x_wconf 91' lang='lat' dir='ltr'>ex</span> <span class='ocrx_word' id='word_1_143' title='bbox 568 1290 754 1329; x_wconf 90' lang='lat' dir='ltr'>omnibus</span> <span class='ocrx_word' id='word_1_144' title='bbox 788 1291 933 1338; x_wconf 87' lang='lat' dir='ltr'>castris,</span> <span class='ocrx_word' id='word_1_145' title='bbox 967 1305 1069 1342; x_wconf 89' lang='lat' dir='ltr'>quae</span> <span class='ocrx_word' id='word_1_146' title='bbox 1100 1305 1299 1330; x_wconf 91' lang='lat' dir='ltr'>summum</span> <span class='ocrx_word' id='word_1_147' title='bbox 1332 1292 1507 1343; x_wconf 85' lang='lat' dir='ltr'>undique</span> <span class='ocrx_word' id='word_1_148' title='bbox 1529 1307 1544 1329; x_wconf 70' lang='grc' dir='ltr'>ιι</span> 
     </span>
     <span class='ocr_line' id='line_1_19' title="bbox 178 1353 1506 1406; baseline 0.004 -15"><span class='ocrx_word' id='word_1_149' title='bbox 178 1353 311 1404; x_wconf 90' lang='lat' dir='ltr'>iugum</span> <span class='ocrx_word' id='word_1_150' title='bbox 350 1355 548 1403; x_wconf 81' lang='lat' dir='ltr'>tenebant,</span> <span class='ocrx_word' id='word_1_151' title='bbox 589 1356 809 1405; x_wconf 86' lang='lat' dir='ltr'>despectus,</span> <span class='ocrx_word' id='word_1_152' title='bbox 849 1364 968 1406; x_wconf 88' lang='lat' dir='ltr'>atque</span> <span class='ocrx_word' id='word_1_153' title='bbox 1012 1369 1149 1394; x_wconf 89' lang='lat' dir='ltr'>omnes</span> <span class='ocrx_word' id='word_1_154' title='bbox 1188 1356 1330 1394; x_wconf 85' lang='lat' dir='ltr'>milites</span> <span class='ocrx_word' id='word_1_155' title='bbox 1368 1356 1506 1396; x_wconf 88' lang='lat' dir='ltr'>intenti</span> 
     </span>
     <span class='ocr_line' id='line_1_20' title="bbox 177 1420 1545 1470; baseline 0.001 -12"><span class='ocrx_word' id='word_1_156' title='bbox 177 1432 331 1470; x_wconf 85' lang='lat' dir='ltr'>pugnae</span> <span class='ocrx_word' id='word_1_157' title='bbox 355 1428 588 1470; x_wconf 87' lang='lat' dir='ltr'>proventum</span> <span class='ocrx_word' id='word_1_158' title='bbox 618 1421 907 1470; x_wconf 82' lang='lat' dir='ltr'>exspectabant.</span> <span class='ocrx_word' id='word_1_159' title='bbox 969 1420 1071 1459; x_wconf 91' lang='lat' dir='ltr'>Galli</span> <span class='ocrx_word' id='word_1_160' title='bbox 1099 1420 1198 1459; x_wconf 90' lang='lat' dir='ltr'>inter</span> <span class='ocrx_word' id='word_1_161' title='bbox 1221 1421 1372 1470; x_wconf 89' lang='lat' dir='ltr'>equites</span> <span class='ocrx_word' id='word_1_162' title='bbox 1402 1435 1505 1461; x_wconf 86' lang='lat' dir='ltr'>raros</span> <span class='ocrx_word' id='word_1_163' title='bbox 1528 1433 1545 1462; x_wconf 77' lang='grc'>3</span> 
     </span>
    </p>

    <p class='ocr_par' dir='ltr' id='par_1_7' title="bbox 119 1483 1541 1791">
     <span class='ocr_line' id='line_1_21' title="bbox 119 1483 1505 1536; baseline 0.002 -15"><span class='ocrx_word' id='word_1_164' title='bbox 119 1498 158 1520; x_wconf 90' lang='lat'>20</span> <span class='ocrx_word' id='word_1_165' title='bbox 176 1483 392 1533; x_wconf 89' lang='lat' dir='ltr'>sagittarios</span> <span class='ocrx_word' id='word_1_166' title='bbox 427 1484 709 1535; x_wconf 86' lang='lat' dir='ltr'>expeditosque</span> <span class='ocrx_word' id='word_1_167' title='bbox 744 1484 838 1523; x_wconf 91' lang='lat' dir='ltr'>levis</span> <span class='ocrx_word' id='word_1_168' title='bbox 871 1492 1089 1524; x_wconf 86' lang='lat' dir='ltr'>armaturae</span> <span class='ocrx_word' id='word_1_169' title='bbox 1120 1484 1402 1532; x_wconf 87' lang='lat' dir='ltr'>interiecerant,</span> <span class='ocrx_word' id='word_1_170' title='bbox 1439 1486 1505 1536; x_wconf 90' lang='lat' dir='ltr'>qui</span> 
     </span>
     <span class='ocr_line' id='line_1_22' title="bbox 176 1548 1504 1600; baseline 0.001 -13"><span class='ocrx_word' id='word_1_171' title='bbox 176 1548 254 1586; x_wconf 87' lang='lat' dir='ltr'>suis</span> <span class='ocrx_word' id='word_1_172' title='bbox 281 1549 513 1588; x_wconf 85' lang='lat' dir='ltr'>cedentibus</span> <span class='ocrx_word' id='word_1_173' title='bbox 542 1549 686 1588; x_wconf 84' lang='lat' dir='ltr'>auxilio</span> <span class='ocrx_word' id='word_1_174' title='bbox 717 1557 984 1588; x_wconf 88' lang='lat' dir='ltr'>succurrerent</span> <span class='ocrx_word' id='word_1_175' title='bbox 1014 1558 1052 1588; x_wconf 90' lang='lat' dir='ltr'>et</span> <span class='ocrx_word' id='word_1_176' title='bbox 1082 1557 1303 1588; x_wconf 90' lang='lat' dir='ltr'>nostrorum</span> <span class='ocrx_word' id='word_1_177' title='bbox 1328 1550 1504 1600; x_wconf 88' lang='lat' dir='ltr'>equitum</span> 
     </span>
     <span class='ocr_line' id='line_1_23' title="bbox 175 1612 1504 1663; baseline 0.001 -12"><span class='ocrx_word' id='word_1_178' title='bbox 175 1612 344 1663; x_wconf 88' lang='lat' dir='ltr'>impetus</span> <span class='ocrx_word' id='word_1_179' title='bbox 375 1613 619 1652; x_wconf 88' lang='lat' dir='ltr'>sustinerent.</span> <span class='ocrx_word' id='word_1_180' title='bbox 680 1614 745 1652; x_wconf 89' lang='lat' dir='ltr'>Ab</span> <span class='ocrx_word' id='word_1_181' title='bbox 774 1614 833 1652; x_wconf 86' lang='lat' dir='ltr'>his</span> <span class='ocrx_word' id='word_1_182' title='bbox 863 1615 1084 1663; x_wconf 88' lang='lat' dir='ltr'>complures</span> <span class='ocrx_word' id='word_1_183' title='bbox 1114 1615 1164 1652; x_wconf 86' lang='lat' dir='ltr'>de</span> <span class='ocrx_word' id='word_1_184' title='bbox 1193 1614 1405 1663; x_wconf 88' lang='lat' dir='ltr'>improviso</span> <span class='ocrx_word' id='word_1_185' title='bbox 1426 1617 1504 1653; x_wconf 88' lang='lat' dir='ltr'>vul-</span> 
     </span>
     <span class='ocr_line' id='line_1_24' title="bbox 176 1677 1541 1728; baseline 0.001 -13"><span class='ocrx_word' id='word_1_186' title='bbox 176 1677 297 1715; x_wconf 91' lang='lat' dir='ltr'>nerati</span> <span class='ocrx_word' id='word_1_187' title='bbox 318 1677 466 1727; x_wconf 91' lang='lat' dir='ltr'>proelio</span> <span class='ocrx_word' id='word_1_188' title='bbox 488 1678 741 1716; x_wconf 81' lang='lat' dir='ltr'>excedebant.</span> <span class='ocrx_word' id='word_1_189' title='bbox 793 1679 895 1717; x_wconf 90' lang='lat' dir='ltr'>Cum</span> <span class='ocrx_word' id='word_1_190' title='bbox 917 1691 1008 1716; x_wconf 87' lang='lat' dir='ltr'>suos</span> <span class='ocrx_word' id='word_1_191' title='bbox 1028 1691 1160 1728; x_wconf 89' lang='lat' dir='ltr'>pugna</span> <span class='ocrx_word' id='word_1_192' title='bbox 1180 1677 1397 1728; x_wconf 87' lang='lat' dir='ltr'>superiores</span> <span class='ocrx_word' id='word_1_193' title='bbox 1418 1693 1502 1717; x_wconf 86' lang='lat' dir='ltr'>esse</span> <span class='ocrx_word' id='word_1_194' title='bbox 1521 1693 1541 1723; x_wconf 82' lang='lat'><strong>4</strong></span> 
     </span>
     <span class='ocr_line' id='line_1_25' title="bbox 176 1741 1503 1791; baseline 0.002 -12"><span class='ocrx_word' id='word_1_195' title='bbox 176 1741 278 1780; x_wconf 89' lang='lat' dir='ltr'>Galli</span> <span class='ocrx_word' id='word_1_196' title='bbox 303 1744 546 1781; x_wconf 88' lang='lat' dir='ltr'>confiderent</span> <span class='ocrx_word' id='word_1_197' title='bbox 577 1751 614 1781; x_wconf 90' lang='lat' dir='ltr'>et</span> <span class='ocrx_word' id='word_1_198' title='bbox 640 1750 794 1781; x_wconf 90' lang='lat' dir='ltr'>nostros</span> <span class='ocrx_word' id='word_1_199' title='bbox 825 1742 1076 1781; x_wconf 90' lang='lat' dir='ltr'>multitudine</span> <span class='ocrx_word' id='word_1_200' title='bbox 1102 1742 1225 1791; x_wconf 88' lang='lat' dir='ltr'>premi</span> <span class='ocrx_word' id='word_1_201' title='bbox 1246 1742 1433 1790; x_wconf 87' lang='lat' dir='ltr'>viderent,</span> <span class='ocrx_word' id='word_1_202' title='bbox 1456 1757 1503 1782; x_wconf 83' lang='lat' dir='ltr'>ex</span> 
     </span>
    </p>

    <p class='ocr_par' dir='ltr' id='par_1_8' title="bbox 119 1806 1536 2114">
     <span class='ocr_line' id='line_1_26' title="bbox 119 1806 1501 1856; baseline 0.002 -13"><span class='ocrx_word' id='word_1_203' title='bbox 119 1821 155 1853; x_wconf 81' lang='lat'>25</span> <span class='ocrx_word' id='word_1_204' title='bbox 175 1806 359 1845; x_wconf 90' lang='lat' dir='ltr'>omnibus</span> <span class='ocrx_word' id='word_1_205' title='bbox 389 1806 561 1856; x_wconf 88' lang='lat' dir='ltr'>partibus</span> <span class='ocrx_word' id='word_1_206' title='bbox 587 1814 624 1845; x_wconf 92' lang='lat' dir='ltr'>et</span> <span class='ocrx_word' id='word_1_207' title='bbox 654 1807 689 1845; x_wconf 90' lang='lat' dir='ltr'>ei</span> <span class='ocrx_word' id='word_1_208' title='bbox 719 1806 786 1856; x_wconf 92' lang='lat' dir='ltr'>qui</span> <span class='ocrx_word' id='word_1_209' title='bbox 816 1806 1101 1845; x_wconf 87' lang='lat' dir='ltr'>munitionibus</span> <span class='ocrx_word' id='word_1_210' title='bbox 1132 1806 1435 1846; x_wconf 89' lang='lat' dir='ltr'>continebantur</span> <span class='ocrx_word' id='word_1_211' title='bbox 1464 1816 1501 1847; x_wconf 87' lang='lat' dir='ltr'>et</span> 
     </span>
     <span class='ocr_line' id='line_1_27' title="bbox 175 1869 1500 1919; baseline 0.003 -12"><span class='ocrx_word' id='word_1_212' title='bbox 175 1869 213 1907; x_wconf 86' lang='lat' dir='ltr'>hi</span> <span class='ocrx_word' id='word_1_213' title='bbox 238 1870 305 1919; x_wconf 89' lang='lat' dir='ltr'>qui</span> <span class='ocrx_word' id='word_1_214' title='bbox 328 1872 379 1909; x_wconf 87' lang='lat' dir='ltr'>ad</span> <span class='ocrx_word' id='word_1_215' title='bbox 405 1871 589 1909; x_wconf 87' lang='lat' dir='ltr'>auxilium</span> <span class='ocrx_word' id='word_1_216' title='bbox 617 1879 882 1910; x_wconf 84' lang='lat' dir='ltr'>convenerant</span> <span class='ocrx_word' id='word_1_217' title='bbox 907 1872 1077 1909; x_wconf 87' lang='lat' dir='ltr'>clamore</span> <span class='ocrx_word' id='word_1_218' title='bbox 1104 1878 1141 1909; x_wconf 90' lang='lat' dir='ltr'>et</span> <span class='ocrx_word' id='word_1_219' title='bbox 1170 1872 1319 1909; x_wconf 90' lang='lat' dir='ltr'>ululatu</span> <span class='ocrx_word' id='word_1_220' title='bbox 1341 1885 1500 1911; x_wconf 90' lang='lat' dir='ltr'>suorum</span> 
     </span>
     <span class='ocr_line' id='line_1_28' title="bbox 173 1934 1536 1985; baseline 0.002 -14"><span class='ocrx_word' id='word_1_221' title='bbox 173 1934 326 1973; x_wconf 82' lang='lat' dir='ltr'>animos</span> <span class='ocrx_word' id='word_1_222' title='bbox 363 1936 659 1974; x_wconf 87' lang='lat' dir='ltr'>confirmabant.</span> <span class='ocrx_word' id='word_1_223' title='bbox 725 1936 846 1984; x_wconf 87' lang='lat' dir='ltr'>Quod</span> <span class='ocrx_word' id='word_1_224' title='bbox 886 1935 924 1973; x_wconf 90' lang='lat' dir='ltr'>in</span> <span class='ocrx_word' id='word_1_225' title='bbox 963 1942 1177 1985; x_wconf 87' lang='lat' dir='ltr'>conspectu</span> <span class='ocrx_word' id='word_1_226' title='bbox 1221 1935 1399 1973; x_wconf 87' lang='lat' dir='ltr'>omnium</span> <span class='ocrx_word' id='word_1_227' title='bbox 1441 1949 1536 1979; x_wconf 86' lang='lat' dir='ltr'>res5</span> 
     </span>
     <span class='ocr_line' id='line_1_29' title="bbox 172 1998 1496 2050; baseline 0.002 -15"><span class='ocrx_word' id='word_1_228' title='bbox 172 1998 376 2047; x_wconf 86' lang='lat' dir='ltr'>gerebatur</span> <span class='ocrx_word' id='word_1_229' title='bbox 414 2013 543 2050; x_wconf 87' lang='lat' dir='ltr'>neque</span> <span class='ocrx_word' id='word_1_230' title='bbox 581 2007 685 2038; x_wconf 89' lang='lat' dir='ltr'>recte</span> <span class='ocrx_word' id='word_1_231' title='bbox 722 2013 768 2038; x_wconf 90' lang='lat' dir='ltr'>ac</span> <span class='ocrx_word' id='word_1_232' title='bbox 808 1999 968 2049; x_wconf 90' lang='lat' dir='ltr'>turpiter</span> <span class='ocrx_word' id='word_1_233' title='bbox 1006 2001 1151 2038; x_wconf 87' lang='lat' dir='ltr'>factum</span> <span class='ocrx_word' id='word_1_234' title='bbox 1188 1999 1301 2037; x_wconf 88' lang='lat' dir='ltr'>celari</span> <span class='ocrx_word' id='word_1_235' title='bbox 1335 2007 1496 2049; x_wconf 80' lang='lat' dir='ltr'>poterat,</span> 
     </span>
     <span class='ocr_line' id='line_1_30' title="bbox 173 2063 1498 2114; baseline 0.002 -15"><span class='ocrx_word' id='word_1_236' title='bbox 173 2069 359 2112; x_wconf 89' lang='lat' dir='ltr'>utrosque</span> <span class='ocrx_word' id='word_1_237' title='bbox 379 2070 417 2101; x_wconf 90' lang='lat' dir='ltr'>et</span> <span class='ocrx_word' id='word_1_238' title='bbox 437 2063 563 2102; x_wconf 90' lang='lat' dir='ltr'>laudis</span> <span class='ocrx_word' id='word_1_239' title='bbox 583 2063 777 2114; x_wconf 89' lang='lat' dir='ltr'>cupiditas</span> <span class='ocrx_word' id='word_1_240' title='bbox 798 2071 836 2102; x_wconf 92' lang='lat' dir='ltr'>et</span> <span class='ocrx_word' id='word_1_241' title='bbox 857 2063 973 2102; x_wconf 88' lang='lat' dir='ltr'>timor</span> <span class='ocrx_word' id='word_1_242' title='bbox 993 2063 1231 2113; x_wconf 86' lang='lat' dir='ltr'>ignominiae</span> <span class='ocrx_word' id='word_1_243' title='bbox 1251 2064 1302 2101; x_wconf 89' lang='lat' dir='ltr'>ad</span> <span class='ocrx_word' id='word_1_244' title='bbox 1318 2063 1498 2102; x_wconf 87' lang='lat' dir='ltr'>virtutem</span> 
     </span>
    </p>

    <p class='ocr_par' dir='ltr' id='par_1_9' title="bbox 110 2126 1537 2308">
     <span class='ocr_line' id='line_1_31' title="bbox 110 2126 1537 2179; baseline 0.002 -15"><span class='ocrx_word' id='word_1_245' title='bbox 110 2142 154 2172; x_wconf 81' lang='lat'>30</span> <span class='ocrx_word' id='word_1_246' title='bbox 172 2126 375 2165; x_wconf 88' lang='lat' dir='ltr'>excitabat.</span> <span class='ocrx_word' id='word_1_247' title='bbox 436 2129 538 2167; x_wconf 88' lang='lat' dir='ltr'>Cum</span> <span class='ocrx_word' id='word_1_248' title='bbox 567 2142 590 2166; x_wconf 91' lang='lat' dir='ltr'>a</span> <span class='ocrx_word' id='word_1_249' title='bbox 620 2128 781 2167; x_wconf 89' lang='lat' dir='ltr'>meridie</span> <span class='ocrx_word' id='word_1_250' title='bbox 810 2141 932 2179; x_wconf 88' lang='lat' dir='ltr'>prope</span> <span class='ocrx_word' id='word_1_251' title='bbox 961 2129 1012 2167; x_wconf 89' lang='lat' dir='ltr'>ad</span> <span class='ocrx_word' id='word_1_252' title='bbox 1044 2127 1136 2167; x_wconf 88' lang='lat' dir='ltr'>solis</span> <span class='ocrx_word' id='word_1_253' title='bbox 1165 2141 1349 2166; x_wconf 90' lang='lat' dir='ltr'>occasum</span> <span class='ocrx_word' id='word_1_254' title='bbox 1379 2129 1500 2167; x_wconf 87' lang='lat' dir='ltr'>dubia</span> <span class='ocrx_word' id='word_1_255' title='bbox 1519 2136 1537 2167; x_wconf 88' lang='lat'><strong>6</strong></span> 
     </span>
     <span class='ocr_line' id='line_1_32' title="bbox 171 2190 1499 2242; baseline 0.002 -14"><span class='ocrx_word' id='word_1_256' title='bbox 171 2190 332 2230; x_wconf 87' lang='lat' dir='ltr'>victoria</span> <span class='ocrx_word' id='word_1_257' title='bbox 352 2200 598 2242; x_wconf 90' lang='lat' dir='ltr'>pugnaretur,</span> <span class='ocrx_word' id='word_1_258' title='bbox 621 2192 808 2232; x_wconf 87' lang='lat' dir='ltr'>Germani</span> <span class='ocrx_word' id='word_1_259' title='bbox 838 2206 916 2231; x_wconf 89' lang='lat' dir='ltr'>una</span> <span class='ocrx_word' id='word_1_260' title='bbox 945 2192 985 2231; x_wconf 87' lang='lat' dir='ltr'>in</span> <span class='ocrx_word' id='word_1_261' title='bbox 1015 2200 1124 2242; x_wconf 91' lang='lat' dir='ltr'>parte</span> <span class='ocrx_word' id='word_1_262' title='bbox 1153 2192 1336 2231; x_wconf 89' lang='lat' dir='ltr'>confertis</span> <span class='ocrx_word' id='word_1_263' title='bbox 1363 2193 1499 2231; x_wconf 89' lang='lat' dir='ltr'>turmis</span> 
     </span>
     <span class='ocr_line' id='line_1_33' title="bbox 171 2254 1534 2308; baseline 0.002 -15"><span class='ocrx_word' id='word_1_264' title='bbox 171 2254 210 2294; x_wconf 91' lang='lat' dir='ltr'>in</span> <span class='ocrx_word' id='word_1_265' title='bbox 232 2255 354 2295; x_wconf 89' lang='lat' dir='ltr'>hostis</span> <span class='ocrx_word' id='word_1_266' title='bbox 382 2255 572 2307; x_wconf 89' lang='lat' dir='ltr'>impetum</span> <span class='ocrx_word' id='word_1_267' title='bbox 602 2259 778 2296; x_wconf 86' lang='lat' dir='ltr'>fecerunt</span> <span class='ocrx_word' id='word_1_268' title='bbox 805 2271 952 2308; x_wconf 88' lang='lat' dir='ltr'>eosque</span> <span class='ocrx_word' id='word_1_269' title='bbox 981 2258 1237 2308; x_wconf 88' lang='lat' dir='ltr'>propulerunt</span> <span class='ocrx_word' id='word_1_270' title='bbox 1251 2272 1261 2305; x_wconf 82' lang='grc'>,-</span> <span class='ocrx_word' id='word_1_271' title='bbox 1296 2257 1438 2307; x_wconf 90' lang='lat' dir='ltr'>quibus</span> <span class='ocrx_word' id='word_1_272' title='bbox 1459 2257 1497 2296; x_wconf 89' lang='lat' dir='ltr'>in</span> <span class='ocrx_word' id='word_1_273' title='bbox 1522 2272 1534 2303; x_wconf 81' lang='lat'><em>7</em></span> 
     </span>
    </p>
   </div>
   <div class='ocr_carea' id='block_1_3' title="bbox 171 2358 1498 2444">
    <p class='ocr_par' dir='ltr' id='par_1_10' title="bbox 171 2358 1498 2444">
     <span class='ocr_line' id='line_1_34' title="bbox 216 2358 1498 2400; baseline 0.002 -10"><span class='ocrx_word' id='word_1_274' title='bbox 216 2370 232 2398; x_wconf 84' lang='lat'><strong>7</strong></span> <span class='ocrx_word' id='word_1_275' title='bbox 257 2360 417 2391; x_wconf 84' lang='lat' dir='ltr'>abductas</span> <span class='ocrx_word' id='word_1_276' title='bbox 430 2358 535 2398; x_wconf 77' lang='lat' dir='ltr'>Jurt&#39;n</span> <span class='ocrx_word' id='word_1_277' title='bbox 711 2371 732 2400; x_wconf 89' lang='lat'>9</span> <span class='ocrx_word' id='word_1_278' title='bbox 757 2361 1015 2395; x_wconf 71' lang='lat' dir='ltr'>Concurriturss</span> <span class='ocrx_word' id='word_1_279' title='bbox 1194 2361 1231 2391; x_wconf 90' lang='lat'>18</span> <span class='ocrx_word' id='word_1_280' title='bbox 1256 2359 1368 2391; x_wconf 62' lang='lat' dir='ltr'>omniffi</span> <span class='ocrx_word' id='word_1_281' title='bbox 1395 2360 1498 2392; x_wconf 69' lang='lat' dir='ltr'>militfi</span> 
     </span>
     <span class='ocr_line' id='line_1_35' title="bbox 171 2402 1364 2444; baseline 0.001 -11"><span class='ocrx_word' id='word_1_282' title='bbox 171 2403 291 2435; x_wconf 86' lang='lat' dir='ltr'>intenti</span> <span class='ocrx_word' id='word_1_283' title='bbox 315 2404 415 2434; x_wconf 84' lang='lat' dir='ltr'>animi</span> <span class='ocrx_word' id='word_1_284' title='bbox 433 2405 456 2438; x_wconf 84' lang='grc' dir='ltr'><em>Β</em></span> <span class='ocrx_word' id='word_1_285' title='bbox 590 2404 633 2434; x_wconf 80' lang='lat'>28</span> <span class='ocrx_word' id='word_1_286' title='bbox 657 2413 694 2435; x_wconf 82' lang='lat' dir='ltr'>ac</span> <span class='ocrx_word' id='word_1_287' title='bbox 712 2403 781 2437; x_wconf 82' lang='lat' dir='ltr'>aT:</span> <span class='ocrx_word' id='word_1_288' title='bbox 807 2409 863 2435; x_wconf 86' lang='lat' dir='ltr'>aut</span> <span class='ocrx_word' id='word_1_289' title='bbox 884 2403 913 2435; x_wconf 83' lang='lat' dir='ltr'>U</span> <span class='ocrx_word' id='word_1_290' title='bbox 1044 2414 1087 2444; x_wconf 85' lang='lat'>30</span> <span class='ocrx_word' id='word_1_291' title='bbox 1111 2404 1303 2435; x_wconf 78' lang='lat' dir='ltr'>excitabant</span> <span class='ocrx_word' id='word_1_292' title='bbox 1320 2402 1364 2434; x_wconf 85' lang='lat' dir='ltr'>B&#39;</span> 
     </span>
    </p>
   </div>
  </div>
 </body>
</html>
