1768 2739
458 138 530 174 DE
563 138 742 175 BELLO
773 138 1017 176 GALLICO
1049 140 1150 175 LIB.
1183 140 1219 175 V

178 261 308 298 pugna
328 255 488 298 aspectu
502 262 512 295 3
542 247 762 297 capilloque
788 255 877 285 sunt
906 248 1099 297 promisso
1123 256 1240 298 atque
1261 249 1369 287 omni
1390 256 1498 299 parte

178 312 350 362 corporis
385 325 478 359 rasa,
511 319 661 361 praeter
695 318 811 361 caput
846 319 883 349 et
917 312 1069 350 labrum
1101 313 1286 362 superius.
1347 315 1499 353 Uxores
1519 330 1538 359 4

179 378 325 415 habent
363 377 455 415 deni
489 375 743 426 duodenique
781 376 880 414 inter
915 390 957 414 se
991 377 1224 424 communis,
1261 386 1298 416 et
1333 378 1501 416 maxime

179 443 311 480 fratres
341 455 430 480 cum
451 440 629 479 fratribus
657 448 915 491 parentesque
936 455 1025 479 cum
1047 441 1176 479 liberis
1191 457 1200 489 3
1235 444 1304 480 sed
1325 442 1391 492 qui
1412 450 1501 480 sunt
1522 460 1538 489 5

143 521 159 552 5
179 520 225 545 ex
251 506 304 545 eis
329 506 408 544 nati
436 519 571 544 eorum
596 506 791 544 habentur
817 505 924 544 liberi
956 519 1035 556 quo
1060 506 1230 556 primum
1254 506 1361 556 virgo
1388 520 1502 557 quae-

179 584 256 621 que
275 571 445 608 deducta
466 577 533 608 est.

234 635 395 684 Equites
416 634 587 673 hostium
609 634 872 684 essedariique
891 635 1028 673 acriter
1048 636 1196 685 proelio
1217 649 1306 674 cum
1328 636 1502 685 equitatu
1523 644 1565 682 15

179 706 312 745 nostro
333 698 373 736 in
394 698 529 737 itinere
551 698 818 745 conflixerunt,
842 706 974 737 tamen
1005 707 1046 737 ut
1073 700 1193 738 nostri
1218 700 1401 738 omnibus
1422 714 1504 750 par-

180 763 282 801 tibus
313 763 529 813 superiores
560 763 701 801 fuerint
730 770 848 812 atque
878 777 945 802 eos
973 763 1012 801 in
1041 764 1154 802 silvas
1183 764 1372 814 collisque
1401 777 1505 802 com-

124 845 161 866 10
180 827 347 879 pulerint
363 843 373 874 ,-
421 829 490 866 sed
541 828 808 878 compluribus
858 828 1068 867 interfectis
1118 829 1299 879 cupidius
1339 829 1504 867 insecuti
1527 845 1541 865 2

180 905 260 930 non
281 893 409 930 nullos
430 905 475 930 ex
496 891 574 930 suis
595 892 817 930 amiserunt.
879 895 932 931 At
954 893 1017 940 illi,
1038 894 1257 932 intermisso
1278 894 1417 944 spatio,
1438 894 1505 931 im-
1527 910 1543 939 3

181 956 438 1006 prudentibus
459 957 599 995 nostris
616 964 734 1006 atque
755 958 956 1007 occupatis
978 958 1016 995 in
1040 958 1257 996 munitione
1277 966 1501 1003 castrorum,

182 1021 312 1059 subito
346 1035 387 1059 se
419 1035 464 1059 ex
498 1022 601 1059 silvis
638 1022 847 1069 eiecerunt,
877 1023 1106 1073 impetuque
1135 1023 1174 1060 in
1205 1037 1272 1062 eos
1307 1025 1409 1061 facto
1439 1023 1505 1072 qui

182 1093 290 1123 erant
321 1085 359 1123 in
387 1086 553 1124 statione
583 1100 652 1136 pro
681 1087 814 1124 castris
840 1087 1029 1134 collocati,
1053 1088 1190 1126 acriter
1210 1095 1505 1137 pugnaverunt;

126 1165 162 1197 15
183 1151 416 1200 duabusque
442 1151 567 1189 missis
600 1151 776 1189 subsidio
806 1152 1032 1190 cohortibus
1059 1166 1081 1190 a
1109 1153 1286 1199 Caesare,
1309 1160 1427 1201 atque
1451 1152 1505 1190 eis
1525 1166 1543 1195 4

183 1215 315 1266 primis
349 1216 547 1266 legionum
581 1217 757 1263 duarum,
792 1229 881 1254 cum
915 1218 1011 1254 haec
1046 1217 1254 1266 perexiguo
1287 1217 1506 1254 intermisso

183 1281 256 1319 loci
279 1281 404 1331 spatio
427 1282 525 1319 inter
546 1295 586 1319 se
608 1280 884 1327 constitissent,
908 1294 1012 1319 novo
1032 1295 1172 1330 genere
1193 1294 1347 1331 pugnae
1368 1290 1507 1331 perter-

184 1346 263 1384 ritis
303 1346 454 1393 nostris,
492 1360 560 1396 per
600 1346 750 1384 medios
792 1346 1051 1384 audacissime
1091 1354 1346 1396 perruperunt
1386 1360 1506 1396 seque

183 1411 275 1449 inde
307 1411 524 1450 incolumes
559 1419 797 1461 receperunt.
865 1413 923 1449 Eo
955 1411 1018 1449 die
1054 1412 1101 1459 Q.
1138 1411 1325 1450 Laberius
1362 1414 1503 1458 Durus,
1528 1424 1543 1453 5

125 1489 165 1511 20
184 1477 361 1514 tribunus
410 1476 587 1523 militum,
635 1476 870 1514 interficitur.
958 1476 1018 1514 Illi
1067 1476 1242 1525 pluribus
1291 1477 1508 1515 summissis

184 1541 410 1580 cohortibus
432 1543 680 1592 repelluntur.

238 1607 342 1643 Toto
369 1607 445 1644 hoc
478 1605 517 1642 in
544 1619 685 1655 genere
707 1618 871 1655 pugnae,
895 1619 985 1643 cum
1013 1606 1086 1643 sub
1113 1606 1237 1644 oculis
1258 1606 1435 1644 omnium
1462 1619 1508 1644 ac
1528 1609 1573 1646 16

185 1682 254 1718 pro
275 1669 408 1706 castris
430 1668 687 1716 dimicaretur,
712 1669 953 1708 intellectum
981 1678 1037 1707 est
1065 1678 1218 1708 nostros
1246 1678 1402 1720 propter
1430 1684 1509 1720 gra-

185 1733 343 1771 vitatem
382 1747 589 1781 armorum,
632 1735 741 1783 quod
776 1748 904 1783 neque
944 1734 1095 1784 insequi
1135 1735 1309 1773 cedentis
1348 1744 1509 1784 possent

128 1814 164 1845 25
185 1811 314 1848 neque
348 1799 398 1836 ab
429 1798 547 1848 signis
580 1798 782 1837 discedere
811 1800 1012 1846 auderent,
1045 1799 1172 1837 minus
1203 1808 1315 1849 aptos
1345 1814 1429 1838 esse
1457 1801 1508 1838 ad

186 1862 300 1900 huius
329 1863 479 1912 generis
508 1864 673 1909 hostem,
706 1862 856 1912 equites
885 1871 1016 1901 autem
1048 1877 1190 1913 magno
1218 1877 1307 1902 cum
1334 1864 1508 1914 periculo
1530 1883 1544 1903 2

187 1927 334 1977 proelio
355 1927 551 1974 dimicare,
574 1935 778 1977 propterea
798 1929 906 1977 quod
927 1928 981 1966 illi
1002 1928 1118 1967 etiam
1143 1930 1324 1967 consulto
1344 1931 1508 1979 plerum-

186 2006 263 2042 que
292 1993 477 2031 cederent
506 2000 553 2039 et,
581 2006 670 2031 cum
692 1995 851 2043 paulum
878 1994 928 2032 ab
956 1994 1175 2044 legionibus
1205 2001 1358 2032 nostros
1387 2007 1510 2032 remo-

186 2057 342 2104 vissent,
384 2070 430 2095 ex
468 2057 614 2095 essedis
654 2057 853 2096 desilirent
896 2066 933 2096 et
972 2059 1139 2108 pedibus
1179 2058 1323 2108 dispari
1361 2059 1509 2108 proelio

129 2139 168 2169 30
187 2123 480 2160 contenderent.
543 2122 742 2172 Equestris
775 2131 906 2161 autem
935 2124 1057 2173 proeli
1088 2124 1185 2162 ratio
1213 2132 1251 2162 et
1277 2124 1509 2162 cedentibus
1531 2135 1548 2165 3

187 2195 225 2225 et
255 2187 551 2237 insequentibus
575 2201 644 2237 par
670 2195 787 2238 atque
812 2188 917 2227 idem
939 2189 1155 2239 periculum
1178 2189 1377 2227 inferebat.
1437 2192 1510 2228 Ac·
1529 2205 1548 2234 4

187 2252 354 2290 cedebat
397 2252 474 2290 huc
512 2259 555 2289 ut
594 2265 810 2302 numquam
849 2253 1012 2292 conferti
1057 2255 1126 2292 sed
1167 2254 1238 2292 rari
1282 2254 1511 2304 magnisque

189 2315 397 2354 intervallis
436 2316 716 2365 proeliarentur
755 2317 1021 2366 stationesque
1060 2318 1268 2367 dispositas
1309 2319 1508 2365 haberent,

229 2416 249 2445 8
268 2419 344 2455 post
363 2415 586 2445 conflixerunt
603 2414 677 2445 add.
696 2416 740 2445 ita
761 2417 783 2450 β
930 2418 966 2446 16
989 2417 1073 2446 haec
1094 2414 1188 2451 A‘fi:
1212 2417 1275 2448 hae
1286 2416 1330 2447 B'
1472 2428 1506 2456 17

189 2458 373 2498 perterritis
387 2457 460 2493 513²
475 2470 480 2488 :
505 2458 702 2498 pertemptis
725 2458 805 2488 AB‘
