<?xml version="1.0" encoding="UTF-8"?>
<!DOCTYPE html PUBLIC "-//W3C//DTD XHTML 1.0 Transitional//EN"
    "http://www.w3.org/TR/xhtml1/DTD/xhtml1-transitional.dtd">
<html xmlns="http://www.w3.org/1999/xhtml" xml:lang="en" lang="en">
 <head>
  <title>
</title>
<meta http-equiv="Content-Type" content="text/html;charset=utf-8" />
  <meta name='ocr-system' content='tesseract 3.04.00' />
  <meta name='ocr-capabilities' content='ocr_page ocr_carea ocr_par ocr_line ocrx_word'/>
</head>
<body>
  <div class='ocr_page' id='page_1' title='image "./commentariorumpa01caesuoft_0160.png"; bbox 0 0 1768 2739; ppageno 0'>
   <div class='ocr_carea' id='block_1_1' title="bbox 674 154 1168 193">
    <p class='ocr_par' dir='ltr' id='par_1_1' title="bbox 674 154 1168 193">
     <span class='ocr_line' id='line_1_1' title="bbox 674 154 1168 193; baseline -0.002 -1"><span class='ocrx_word' id='word_1_1' title='bbox 674 155 718 192; x_wconf 89' lang='lat' dir='ltr'>C.</span> <span class='ocrx_word' id='word_1_2' title='bbox 754 155 868 192; x_wconf 91' lang='lat' dir='ltr'>IVLI</span> <span class='ocrx_word' id='word_1_3' title='bbox 900 154 1168 193; x_wconf 84' lang='lat' dir='ltr'><strong>CAESARIS</strong></span> 
     </span>
    </p>
   </div>
   <div class='ocr_carea' id='block_1_2' title="bbox 213 266 1618 707">
    <p class='ocr_par' dir='ltr' id='par_1_2' title="bbox 213 266 1618 707">
     <span class='ocr_line' id='line_1_2' title="bbox 254 266 1580 318; baseline 0 -12"><span class='ocrx_word' id='word_1_4' title='bbox 254 267 396 306; x_wconf 89' lang='lat' dir='ltr'>nostris</span> <span class='ocrx_word' id='word_1_5' title='bbox 417 267 643 307; x_wconf 89' lang='lat' dir='ltr'>renuntiant</span> <span class='ocrx_word' id='word_1_6' title='bbox 663 281 704 307; x_wconf 92' lang='lat' dir='ltr'>se</span> <span class='ocrx_word' id='word_1_7' title='bbox 726 267 944 317; x_wconf 84' lang='lat' dir='ltr'>Biturigum</span> <span class='ocrx_word' id='word_1_8' title='bbox 973 267 1177 318; x_wconf 86' lang='lat' dir='ltr'>perfidiam</span> <span class='ocrx_word' id='word_1_9' title='bbox 1206 267 1348 305; x_wconf 87' lang='lat' dir='ltr'>veritos</span> <span class='ocrx_word' id='word_1_10' title='bbox 1369 266 1580 314; x_wconf 79' lang='lat' dir='ltr'>revertisse,</span> 
     </span>
     <span class='ocr_line' id='line_1_3' title="bbox 252 331 1581 383; baseline -0.002 -11"><span class='ocrx_word' id='word_1_11' title='bbox 252 333 396 383; x_wconf 87' lang='lat' dir='ltr'>quibus</span> <span class='ocrx_word' id='word_1_12' title='bbox 417 333 457 372; x_wconf 91' lang='lat' dir='ltr'>id</span> <span class='ocrx_word' id='word_1_13' title='bbox 478 332 616 372; x_wconf 89' lang='lat' dir='ltr'>consili</span> <span class='ocrx_word' id='word_1_14' title='bbox 638 332 756 372; x_wconf 85' lang='lat' dir='ltr'>fuisse</span> <span class='ocrx_word' id='word_1_15' title='bbox 776 332 1029 383; x_wconf 84' lang='lat' dir='ltr'>cognoverint</span> <span class='ocrx_word' id='word_1_16' title='bbox 1051 339 1102 379; x_wconf 89' lang='lat' dir='ltr'>ut,</span> <span class='ocrx_word' id='word_1_17' title='bbox 1122 331 1153 370; x_wconf 91' lang='lat' dir='ltr'>si</span> <span class='ocrx_word' id='word_1_18' title='bbox 1174 333 1321 371; x_wconf 89' lang='lat' dir='ltr'>flumen</span> <span class='ocrx_word' id='word_1_19' title='bbox 1342 331 1581 379; x_wconf 84' lang='lat' dir='ltr'>transissent,</span> 
     </span>
     <span class='ocr_line' id='line_1_4' title="bbox 213 396 1581 450; baseline -0.001 -14"><span class='ocrx_word' id='word_1_20' title='bbox 213 405 232 436; x_wconf 93' lang='lat'><strong>6</strong></span> <span class='ocrx_word' id='word_1_21' title='bbox 252 412 331 437; x_wconf 90' lang='lat' dir='ltr'>una</span> <span class='ocrx_word' id='word_1_22' title='bbox 362 413 409 438; x_wconf 85' lang='lat' dir='ltr'>ex</span> <span class='ocrx_word' id='word_1_23' title='bbox 440 406 549 450; x_wconf 89' lang='lat' dir='ltr'>parte</span> <span class='ocrx_word' id='word_1_24' title='bbox 587 398 672 450; x_wconf 90' lang='lat' dir='ltr'>ipsi,</span> <span class='ocrx_word' id='word_1_25' title='bbox 705 400 825 438; x_wconf 87' lang='lat' dir='ltr'>altera</span> <span class='ocrx_word' id='word_1_26' title='bbox 864 397 1027 436; x_wconf 89' lang='lat' dir='ltr'>Arverni</span> <span class='ocrx_word' id='word_1_27' title='bbox 1060 411 1100 436; x_wconf 87' lang='lat' dir='ltr'>se</span> <span class='ocrx_word' id='word_1_28' title='bbox 1133 396 1471 436; x_wconf 85' lang='lat' dir='ltr'>circumsisterent.</span> <span class='ocrx_word' id='word_1_29' title='bbox 1533 398 1581 435; x_wconf 93' lang='lat' dir='ltr'>Id</span> 
     </span>
     <span class='ocr_line' id='line_1_5' title="bbox 251 461 1583 514; baseline -0.002 -12"><span class='ocrx_word' id='word_1_30' title='bbox 251 477 350 502; x_wconf 89' lang='lat' dir='ltr'>eane</span> <span class='ocrx_word' id='word_1_31' title='bbox 388 465 439 502; x_wconf 91' lang='lat' dir='ltr'>de</span> <span class='ocrx_word' id='word_1_32' title='bbox 477 477 605 510; x_wconf 89' lang='lat' dir='ltr'>causa,</span> <span class='ocrx_word' id='word_1_33' title='bbox 647 477 765 514; x_wconf 87' lang='lat' dir='ltr'>quam</span> <span class='ocrx_word' id='word_1_34' title='bbox 805 462 939 514; x_wconf 83' lang='lat' dir='ltr'>legatis</span> <span class='ocrx_word' id='word_1_35' title='bbox 979 461 1291 513; x_wconf 83' lang='lat' dir='ltr'>pronuntiarunt,</span> <span class='ocrx_word' id='word_1_36' title='bbox 1331 475 1381 500; x_wconf 89' lang='lat' dir='ltr'>an</span> <span class='ocrx_word' id='word_1_37' title='bbox 1419 461 1583 512; x_wconf 87' lang='lat' dir='ltr'>perfidia</span> 
     </span>
     <span class='ocr_line' id='line_1_6' title="bbox 251 526 1618 578; baseline -0.001 -11"><span class='ocrx_word' id='word_1_38' title='bbox 251 528 413 568; x_wconf 89' lang='lat' dir='ltr'>adducti</span> <span class='ocrx_word' id='word_1_39' title='bbox 438 528 611 575; x_wconf 86' lang='lat' dir='ltr'>fecerint,</span> <span class='ocrx_word' id='word_1_40' title='bbox 635 529 743 578; x_wconf 89' lang='lat' dir='ltr'>quod</span> <span class='ocrx_word' id='word_1_41' title='bbox 771 527 867 566; x_wconf 87' lang='lat' dir='ltr'>nihil</span> <span class='ocrx_word' id='word_1_42' title='bbox 895 527 1009 566; x_wconf 87' lang='lat' dir='ltr'>nobis</span> <span class='ocrx_word' id='word_1_43' title='bbox 1038 534 1201 573; x_wconf 85' lang='lat' dir='ltr'>constat,</span> <span class='ocrx_word' id='word_1_44' title='bbox 1226 540 1305 565; x_wconf 91' lang='lat' dir='ltr'>non</span> <span class='ocrx_word' id='word_1_45' title='bbox 1332 526 1485 565; x_wconf 88' lang='lat' dir='ltr'>videtur</span> <span class='ocrx_word' id='word_1_46' title='bbox 1511 539 1582 576; x_wconf 90' lang='lat' dir='ltr'>pro</span> <span class='ocrx_word' id='word_1_47' title='bbox 1601 535 1618 566; x_wconf 90' lang='lat'>5</span> 
     </span>
     <span class='ocr_line' id='line_1_7' title="bbox 215 590 1580 643; baseline -0.003 -11"><span class='ocrx_word' id='word_1_48' title='bbox 215 602 231 634; x_wconf 82' lang='grc'>7</span> <span class='ocrx_word' id='word_1_49' title='bbox 251 600 359 632; x_wconf 89' lang='lat' dir='ltr'>certo</span> <span class='ocrx_word' id='word_1_50' title='bbox 387 606 472 632; x_wconf 88' lang='lat' dir='ltr'>esse</span> <span class='ocrx_word' id='word_1_51' title='bbox 503 593 818 643; x_wconf 88' lang='lat' dir='ltr'>proponendum.</span> <span class='ocrx_word' id='word_1_52' title='bbox 880 591 1072 641; x_wconf 84' lang='lat' dir='ltr'>Bituriges</span> <span class='ocrx_word' id='word_1_53' title='bbox 1098 604 1233 630; x_wconf 91' lang='lat' dir='ltr'>eorum</span> <span class='ocrx_word' id='word_1_54' title='bbox 1254 590 1429 630; x_wconf 91' lang='lat' dir='ltr'>discessu</span> <span class='ocrx_word' id='word_1_55' title='bbox 1451 590 1580 629; x_wconf 89' lang='lat' dir='ltr'>statim</span> 
     </span>
     <span class='ocr_line' id='line_1_8' title="bbox 250 657 789 707; baseline -0.004 -10"><span class='ocrx_word' id='word_1_56' title='bbox 250 672 342 697; x_wconf 89' lang='lat' dir='ltr'>cum</span> <span class='ocrx_word' id='word_1_57' title='bbox 363 657 547 696; x_wconf 90' lang='lat' dir='ltr'>Arvernis</span> <span class='ocrx_word' id='word_1_58' title='bbox 568 657 789 707; x_wconf 86' lang='lat' dir='ltr'>iunguntur.</span> 
     </span>
    </p>
   </div>
   <div class='ocr_carea' id='block_1_3' title="bbox 204 718 1580 766">
    <p class='ocr_par' dir='ltr' id='par_1_3' title="bbox 204 718 1580 766">
     <span class='ocr_line' id='line_1_9' title="bbox 204 718 1580 766; baseline -0.003 -6"><span class='ocrx_word' id='word_1_59' title='bbox 204 723 232 760; x_wconf 91' lang='lat'>6</span> <span class='ocrx_word' id='word_1_60' title='bbox 306 722 382 760; x_wconf 92' lang='lat' dir='ltr'>His</span> <span class='ocrx_word' id='word_1_61' title='bbox 414 723 530 761; x_wconf 87' lang='lat' dir='ltr'>rebus</span> <span class='ocrx_word' id='word_1_62' title='bbox 570 722 609 759; x_wconf 89' lang='lat' dir='ltr'>in</span> <span class='ocrx_word' id='word_1_63' title='bbox 651 721 805 759; x_wconf 87' lang='lat' dir='ltr'>Italiam</span> <span class='ocrx_word' id='word_1_64' title='bbox 846 720 1003 760; x_wconf 79' lang='lat' dir='ltr'>Caesari</span> <span class='ocrx_word' id='word_1_65' title='bbox 1044 720 1242 766; x_wconf 88' lang='lat' dir='ltr'>nuntiatis,</span> <span class='ocrx_word' id='word_1_66' title='bbox 1283 733 1373 758; x_wconf 91' lang='lat' dir='ltr'>curn</span> <span class='ocrx_word' id='word_1_67' title='bbox 1408 719 1485 757; x_wconf 87' lang='lat' dir='ltr'>iam</span> <span class='ocrx_word' id='word_1_68' title='bbox 1517 718 1580 757; x_wconf 91' lang='lat' dir='ltr'>ille</span> 
     </span>
    </p>
   </div>
   <div class='ocr_carea' id='block_1_4' title="bbox 199 784 1642 2262">
    <p class='ocr_par' dir='ltr' id='par_1_4' title="bbox 249 784 1642 901">
     <span class='ocr_line' id='line_1_10' title="bbox 249 784 1579 836; baseline -0.003 -11"><span class='ocrx_word' id='word_1_69' title='bbox 249 787 419 825; x_wconf 91' lang='lat' dir='ltr'>urbanas</span> <span class='ocrx_word' id='word_1_70' title='bbox 451 800 510 826; x_wconf 89' lang='lat' dir='ltr'>res</span> <span class='ocrx_word' id='word_1_71' title='bbox 544 786 684 825; x_wconf 90' lang='lat' dir='ltr'>virtute</span> <span class='ocrx_word' id='word_1_72' title='bbox 715 787 786 826; x_wconf 90' lang='lat' dir='ltr'>Cn.</span> <span class='ocrx_word' id='word_1_73' title='bbox 821 785 986 836; x_wconf 89' lang='lat' dir='ltr'>Pompei</span> <span class='ocrx_word' id='word_1_74' title='bbox 1017 784 1329 823; x_wconf 84' lang='lat' dir='ltr'>commodiorem</span> <span class='ocrx_word' id='word_1_75' title='bbox 1362 784 1400 821; x_wconf 90' lang='lat' dir='ltr'>in</span> <span class='ocrx_word' id='word_1_76' title='bbox 1435 791 1579 822; x_wconf 84' lang='lat' dir='ltr'>statum</span> 
     </span>
     <span class='ocr_line' id='line_1_11' title="bbox 251 848 1642 901; baseline -0.004 -11"><span class='ocrx_word' id='word_1_77' title='bbox 251 851 475 901; x_wconf 89' lang='lat' dir='ltr'>pervenisse</span> <span class='ocrx_word' id='word_1_78' title='bbox 499 851 752 901; x_wconf 84' lang='lat' dir='ltr'>intellegeret,</span> <span class='ocrx_word' id='word_1_79' title='bbox 781 850 821 888; x_wconf 91' lang='lat' dir='ltr'>in</span> <span class='ocrx_word' id='word_1_80' title='bbox 851 849 1151 899; x_wconf 79' lang='lat' dir='ltr'>Transalpinam</span> <span class='ocrx_word' id='word_1_81' title='bbox 1183 848 1351 887; x_wconf 78' lang='lat' dir='ltr'>Galliam</span> <span class='ocrx_word' id='word_1_82' title='bbox 1381 849 1579 898; x_wconf 86' lang='lat' dir='ltr'>profectus</span> <span class='ocrx_word' id='word_1_83' title='bbox 1602 862 1642 884; x_wconf 91' lang='lat'>10</span> 
     </span>
    </p>

    <p class='ocr_par' dir='ltr' id='par_1_5' title="bbox 212 912 1580 965">
     <span class='ocr_line' id='line_1_12' title="bbox 212 912 1580 965; baseline -0.002 -13"><span class='ocrx_word' id='word_1_84' title='bbox 212 931 227 952; x_wconf 85' lang='lat'><em>2</em></span> <span class='ocrx_word' id='word_1_85' title='bbox 249 922 317 953; x_wconf 88' lang='lat' dir='ltr'>est.</span> <span class='ocrx_word' id='word_1_86' title='bbox 379 917 440 954; x_wconf 91' lang='lat' dir='ltr'>Eo</span> <span class='ocrx_word' id='word_1_87' title='bbox 460 929 551 954; x_wconf 90' lang='lat' dir='ltr'>cum</span> <span class='ocrx_word' id='word_1_88' title='bbox 575 914 756 962; x_wconf 89' lang='lat' dir='ltr'>venisset,</span> <span class='ocrx_word' id='word_1_89' title='bbox 785 928 926 965; x_wconf 87' lang='lat' dir='ltr'>magna</span> <span class='ocrx_word' id='word_1_90' title='bbox 951 913 1181 953; x_wconf 88' lang='lat' dir='ltr'>difficultate</span> <span class='ocrx_word' id='word_1_91' title='bbox 1204 912 1472 959; x_wconf 89' lang='lat' dir='ltr'>adficiebatur,</span> <span class='ocrx_word' id='word_1_92' title='bbox 1502 926 1580 962; x_wconf 89' lang='lat' dir='ltr'>qua</span> 
     </span>
    </p>

    <p class='ocr_par' dir='ltr' id='par_1_6' title="bbox 212 976 1579 1095">
     <span class='ocr_line' id='line_1_13' title="bbox 212 976 1579 1029; baseline -0.003 -12"><span class='ocrx_word' id='word_1_93' title='bbox 212 995 230 1024; x_wconf 78' lang='lat'><strong>3</strong></span> <span class='ocrx_word' id='word_1_94' title='bbox 249 979 400 1019; x_wconf 89' lang='lat' dir='ltr'>ratione</span> <span class='ocrx_word' id='word_1_95' title='bbox 432 981 484 1018; x_wconf 90' lang='lat' dir='ltr'>ad</span> <span class='ocrx_word' id='word_1_96' title='bbox 518 979 730 1018; x_wconf 84' lang='lat' dir='ltr'>exercitum</span> <span class='ocrx_word' id='word_1_97' title='bbox 761 978 963 1029; x_wconf 89' lang='lat' dir='ltr'>pervenire</span> <span class='ocrx_word' id='word_1_98' title='bbox 993 985 1135 1028; x_wconf 89' lang='lat' dir='ltr'>posset.</span> <span class='ocrx_word' id='word_1_99' title='bbox 1196 978 1311 1023; x_wconf 89' lang='lat' dir='ltr'>Nam,</span> <span class='ocrx_word' id='word_1_100' title='bbox 1345 976 1376 1014; x_wconf 92' lang='lat' dir='ltr'>si</span> <span class='ocrx_word' id='word_1_101' title='bbox 1405 976 1579 1026; x_wconf 89' lang='lat' dir='ltr'>legiones</span> 
     </span>
     <span class='ocr_line' id='line_1_14' title="bbox 248 1040 1579 1095; baseline -0.003 -13"><span class='ocrx_word' id='word_1_102' title='bbox 248 1045 288 1083; x_wconf 89' lang='lat' dir='ltr'>in</span> <span class='ocrx_word' id='word_1_103' title='bbox 309 1044 551 1095; x_wconf 90' lang='lat' dir='ltr'>provinciam</span> <span class='ocrx_word' id='word_1_104' title='bbox 572 1051 795 1091; x_wconf 82' lang='lat' dir='ltr'>arcesseret,</span> <span class='ocrx_word' id='word_1_105' title='bbox 819 1057 861 1082; x_wconf 89' lang='lat' dir='ltr'>se</span> <span class='ocrx_word' id='word_1_106' title='bbox 881 1044 1046 1082; x_wconf 87' lang='lat' dir='ltr'>absente</span> <span class='ocrx_word' id='word_1_107' title='bbox 1070 1042 1109 1081; x_wconf 88' lang='lat' dir='ltr'>in</span> <span class='ocrx_word' id='word_1_108' title='bbox 1135 1041 1271 1080; x_wconf 87' lang='lat' dir='ltr'>itinere</span> <span class='ocrx_word' id='word_1_109' title='bbox 1298 1041 1447 1092; x_wconf 92' lang='lat' dir='ltr'>proelio</span> <span class='ocrx_word' id='word_1_110' title='bbox 1468 1040 1579 1080; x_wconf 91' lang='lat' dir='ltr'>dimi-</span> 
     </span>
    </p>

    <p class='ocr_par' dir='ltr' id='par_1_7' title="bbox 210 1107 1637 1278">
     <span class='ocr_line' id='line_1_15' title="bbox 210 1107 1578 1160; baseline -0.004 -11"><span class='ocrx_word' id='word_1_111' title='bbox 210 1123 229 1153; x_wconf 91' lang='lat'><strong>4</strong></span> <span class='ocrx_word' id='word_1_112' title='bbox 248 1118 400 1149; x_wconf 89' lang='lat' dir='ltr'>caturas</span> <span class='ocrx_word' id='word_1_113' title='bbox 421 1110 673 1160; x_wconf 82' lang='lat' dir='ltr'>intellegebat</span> <span class='ocrx_word' id='word_1_114' title='bbox 688 1125 697 1158; x_wconf 78' lang='lat'><em>3</em></span> <span class='ocrx_word' id='word_1_115' title='bbox 738 1109 769 1148; x_wconf 89' lang='lat' dir='ltr'>si</span> <span class='ocrx_word' id='word_1_116' title='bbox 798 1109 882 1160; x_wconf 87' lang='lat' dir='ltr'>ipse</span> <span class='ocrx_word' id='word_1_117' title='bbox 910 1110 962 1148; x_wconf 90' lang='lat' dir='ltr'>ad</span> <span class='ocrx_word' id='word_1_118' title='bbox 991 1107 1206 1147; x_wconf 86' lang='lat' dir='ltr'>exercitum</span> <span class='ocrx_word' id='word_1_119' title='bbox 1237 1107 1505 1152; x_wconf 92' lang='lat' dir='ltr'>contenderet,</span> <span class='ocrx_word' id='word_1_120' title='bbox 1529 1119 1578 1144; x_wconf 91' lang='lat' dir='ltr'>ne</span> 
     </span>
     <span class='ocr_line' id='line_1_16' title="bbox 247 1172 1637 1225; baseline -0.003 -12"><span class='ocrx_word' id='word_1_121' title='bbox 247 1175 303 1213; x_wconf 86' lang='lat' dir='ltr'>eis</span> <span class='ocrx_word' id='word_1_122' title='bbox 323 1174 485 1225; x_wconf 87' lang='lat' dir='ltr'>quidem</span> <span class='ocrx_word' id='word_1_123' title='bbox 513 1188 560 1213; x_wconf 91' lang='lat' dir='ltr'>eo</span> <span class='ocrx_word' id='word_1_124' title='bbox 581 1183 758 1225; x_wconf 88' lang='lat' dir='ltr'>tempore</span> <span class='ocrx_word' id='word_1_125' title='bbox 785 1173 852 1225; x_wconf 90' lang='lat' dir='ltr'>qui</span> <span class='ocrx_word' id='word_1_126' title='bbox 877 1173 998 1224; x_wconf 86' lang='lat' dir='ltr'>quieti</span> <span class='ocrx_word' id='word_1_127' title='bbox 1024 1173 1258 1219; x_wconf 89' lang='lat' dir='ltr'>viderentur,</span> <span class='ocrx_word' id='word_1_128' title='bbox 1280 1185 1390 1211; x_wconf 87' lang='lat' dir='ltr'>suam</span> <span class='ocrx_word' id='word_1_129' title='bbox 1412 1172 1577 1210; x_wconf 87' lang='lat' dir='ltr'>salutem</span> <span class='ocrx_word' id='word_1_130' title='bbox 1600 1186 1637 1217; x_wconf 88' lang='lat'>15</span> 
     </span>
     <span class='ocr_line' id='line_1_17' title="bbox 248 1238 755 1278; baseline 0 -1"><span class='ocrx_word' id='word_1_131' title='bbox 248 1247 352 1278; x_wconf 88' lang='lat' dir='ltr'>recte</span> <span class='ocrx_word' id='word_1_132' title='bbox 372 1238 566 1278; x_wconf 89' lang='lat' dir='ltr'>committi</span> <span class='ocrx_word' id='word_1_133' title='bbox 586 1239 755 1278; x_wconf 89' lang='lat' dir='ltr'>videbat.</span> 
     </span>
    </p>

    <p class='ocr_par' dir='ltr' id='par_1_8' title="bbox 205 1300 1577 1347">
     <span class='ocr_line' id='line_1_18' title="bbox 205 1300 1577 1347; baseline -0.003 -4"><span class='ocrx_word' id='word_1_134' title='bbox 205 1308 228 1347; x_wconf 92' lang='lat'>7</span> <span class='ocrx_word' id='word_1_135' title='bbox 303 1304 466 1343; x_wconf 89' lang='lat' dir='ltr'>Interim</span> <span class='ocrx_word' id='word_1_136' title='bbox 506 1304 710 1343; x_wconf 90' lang='lat' dir='ltr'>Lucterius</span> <span class='ocrx_word' id='word_1_137' title='bbox 750 1305 955 1343; x_wconf 87' lang='lat' dir='ltr'>Cadurcus</span> <span class='ocrx_word' id='word_1_138' title='bbox 1000 1302 1040 1340; x_wconf 92' lang='lat' dir='ltr'>in</span> <span class='ocrx_word' id='word_1_139' title='bbox 1081 1304 1261 1341; x_wconf 90' lang='lat' dir='ltr'>Rutenos</span> <span class='ocrx_word' id='word_1_140' title='bbox 1305 1300 1445 1340; x_wconf 89' lang='lat' dir='ltr'>missus</span> <span class='ocrx_word' id='word_1_141' title='bbox 1490 1314 1577 1339; x_wconf 87' lang='lat' dir='ltr'>eam</span> 
     </span>
    </p>

    <p class='ocr_par' dir='ltr' id='par_1_9' title="bbox 211 1364 1636 1548">
     <span class='ocr_line' id='line_1_19' title="bbox 211 1364 1577 1417; baseline -0.001 -13"><span class='ocrx_word' id='word_1_142' title='bbox 211 1382 225 1403; x_wconf 89' lang='lat'><em>2</em></span> <span class='ocrx_word' id='word_1_143' title='bbox 247 1368 444 1407; x_wconf 88' lang='lat' dir='ltr'>civitatem</span> <span class='ocrx_word' id='word_1_144' title='bbox 471 1368 655 1408; x_wconf 89' lang='lat' dir='ltr'>Arvernis</span> <span class='ocrx_word' id='word_1_145' title='bbox 683 1368 877 1407; x_wconf 88' lang='lat' dir='ltr'>conciliat.</span> <span class='ocrx_word' id='word_1_146' title='bbox 938 1369 1170 1417; x_wconf 86' lang='lat' dir='ltr'>Progressus</span> <span class='ocrx_word' id='word_1_147' title='bbox 1200 1366 1239 1404; x_wconf 92' lang='lat' dir='ltr'>in</span> <span class='ocrx_word' id='word_1_148' title='bbox 1270 1364 1509 1414; x_wconf 89' lang='lat' dir='ltr'>Nitiobriges</span> <span class='ocrx_word' id='word_1_149' title='bbox 1539 1371 1577 1403; x_wconf 89' lang='lat' dir='ltr'>et</span> 
     </span>
     <span class='ocr_line' id='line_1_20' title="bbox 246 1431 1575 1483; baseline -0.003 -12"><span class='ocrx_word' id='word_1_150' title='bbox 246 1434 419 1472; x_wconf 88' lang='lat' dir='ltr'>Gabalos</span> <span class='ocrx_word' id='word_1_151' title='bbox 446 1434 497 1471; x_wconf 89' lang='lat' dir='ltr'>ab</span> <span class='ocrx_word' id='word_1_152' title='bbox 524 1433 698 1483; x_wconf 88' lang='lat' dir='ltr'>utrisque</span> <span class='ocrx_word' id='word_1_153' title='bbox 719 1432 878 1472; x_wconf 90' lang='lat' dir='ltr'>obsides</span> <span class='ocrx_word' id='word_1_154' title='bbox 897 1431 1041 1482; x_wconf 86' lang='lat' dir='ltr'>accipit</span> <span class='ocrx_word' id='word_1_155' title='bbox 1067 1439 1105 1470; x_wconf 88' lang='lat' dir='ltr'>et</span> <span class='ocrx_word' id='word_1_156' title='bbox 1130 1444 1270 1481; x_wconf 87' lang='lat' dir='ltr'>magna</span> <span class='ocrx_word' id='word_1_157' title='bbox 1299 1437 1436 1469; x_wconf 89' lang='lat' dir='ltr'>coacta</span> <span class='ocrx_word' id='word_1_158' title='bbox 1457 1443 1575 1468; x_wconf 86' lang='lat' dir='ltr'>manu</span> 
     </span>
     <span class='ocr_line' id='line_1_21' title="bbox 244 1496 1636 1548; baseline -0.001 -14"><span class='ocrx_word' id='word_1_159' title='bbox 244 1497 283 1535; x_wconf 91' lang='lat' dir='ltr'>in</span> <span class='ocrx_word' id='word_1_160' title='bbox 316 1497 558 1548; x_wconf 90' lang='lat' dir='ltr'>provinciam</span> <span class='ocrx_word' id='word_1_161' title='bbox 598 1498 829 1537; x_wconf 89' lang='lat' dir='ltr'>Narbonem</span> <span class='ocrx_word' id='word_1_162' title='bbox 868 1510 1000 1536; x_wconf 89' lang='lat' dir='ltr'>versus</span> <span class='ocrx_word' id='word_1_163' title='bbox 1039 1496 1286 1547; x_wconf 87' lang='lat' dir='ltr'>eruptionem</span> <span class='ocrx_word' id='word_1_164' title='bbox 1325 1497 1451 1534; x_wconf 89' lang='lat' dir='ltr'>facere</span> <span class='ocrx_word' id='word_1_165' title='bbox 1485 1504 1636 1533; x_wconf 90' lang='lat' dir='ltr'>con-20</span> 
     </span>
    </p>

    <p class='ocr_par' dir='ltr' id='par_1_10' title="bbox 208 1558 1577 1611">
     <span class='ocr_line' id='line_1_22' title="bbox 208 1558 1577 1611; baseline -0.004 -10"><span class='ocrx_word' id='word_1_166' title='bbox 208 1562 380 1603; x_wconf 65' lang='lat' dir='ltr'>stendit.</span> <span class='ocrx_word' id='word_1_167' title='bbox 440 1564 532 1611; x_wconf 86' lang='lat' dir='ltr'>Qua</span> <span class='ocrx_word' id='word_1_168' title='bbox 568 1576 609 1601; x_wconf 90' lang='lat' dir='ltr'>re</span> <span class='ocrx_word' id='word_1_169' title='bbox 647 1562 825 1601; x_wconf 84' lang='lat' dir='ltr'>nuntiata</span> <span class='ocrx_word' id='word_1_170' title='bbox 864 1563 1009 1601; x_wconf 89' lang='lat' dir='ltr'>Caesar</span> <span class='ocrx_word' id='word_1_171' title='bbox 1045 1560 1230 1599; x_wconf 90' lang='lat' dir='ltr'>omnibus</span> <span class='ocrx_word' id='word_1_172' title='bbox 1269 1558 1441 1598; x_wconf 90' lang='lat' dir='ltr'>consiliis</span> <span class='ocrx_word' id='word_1_173' title='bbox 1471 1566 1577 1597; x_wconf 88' lang='lat' dir='ltr'>ante-</span> 
     </span>
    </p>

    <p class='ocr_par' dir='ltr' id='par_1_11' title="bbox 205 1624 1576 1803">
     <span class='ocr_line' id='line_1_23' title="bbox 205 1624 1575 1675; baseline -0.004 -9"><span class='ocrx_word' id='word_1_174' title='bbox 205 1628 477 1672; x_wconf 86' lang='lat' dir='ltr'>4vertendum</span> <span class='ocrx_word' id='word_1_175' title='bbox 511 1626 756 1674; x_wconf 82' lang='lat' dir='ltr'>existimavit,</span> <span class='ocrx_word' id='word_1_176' title='bbox 793 1633 837 1665; x_wconf 89' lang='lat' dir='ltr'>ut</span> <span class='ocrx_word' id='word_1_177' title='bbox 868 1626 1099 1664; x_wconf 86' lang='lat' dir='ltr'>Narbonem</span> <span class='ocrx_word' id='word_1_178' title='bbox 1134 1624 1453 1675; x_wconf 86' lang='lat' dir='ltr'>proficisceretur.</span> <span class='ocrx_word' id='word_1_179' title='bbox 1515 1624 1575 1661; x_wconf 93' lang='lat' dir='ltr'>Eo</span> 
     </span>
     <span class='ocr_line' id='line_1_24' title="bbox 244 1687 1576 1741; baseline -0.005 -10"><span class='ocrx_word' id='word_1_180' title='bbox 244 1706 335 1730; x_wconf 90' lang='lat' dir='ltr'>cum</span> <span class='ocrx_word' id='word_1_181' title='bbox 359 1691 530 1731; x_wconf 87' lang='lat' dir='ltr'>venisset</span> <span class='ocrx_word' id='word_1_182' title='bbox 554 1692 727 1731; x_wconf 88' lang='lat' dir='ltr'>timentis</span> <span class='ocrx_word' id='word_1_183' title='bbox 756 1692 975 1738; x_wconf 85' lang='lat' dir='ltr'>confirmat,</span> <span class='ocrx_word' id='word_1_184' title='bbox 1008 1689 1202 1741; x_wconf 87' lang='lat' dir='ltr'>praesidia</span> <span class='ocrx_word' id='word_1_185' title='bbox 1226 1689 1264 1727; x_wconf 92' lang='lat' dir='ltr'>in</span> <span class='ocrx_word' id='word_1_186' title='bbox 1294 1687 1461 1727; x_wconf 88' lang='lat' dir='ltr'>Rutenis</span> <span class='ocrx_word' id='word_1_187' title='bbox 1491 1701 1576 1738; x_wconf 91' lang='lat' dir='ltr'>pro-</span> 
     </span>
     <span class='ocr_line' id='line_1_25' title="bbox 243 1752 1575 1803; baseline -0.004 -8"><span class='ocrx_word' id='word_1_188' title='bbox 243 1756 486 1803; x_wconf 86' lang='lat' dir='ltr'>vincialibus,</span> <span class='ocrx_word' id='word_1_189' title='bbox 508 1757 644 1795; x_wconf 90' lang='lat' dir='ltr'>Volcis</span> <span class='ocrx_word' id='word_1_190' title='bbox 674 1755 927 1802; x_wconf 84' lang='lat' dir='ltr'>ArecomiciS,</span> <span class='ocrx_word' id='word_1_191' title='bbox 950 1754 1204 1793; x_wconf 88' lang='lat' dir='ltr'>Tolosatibus</span> <span class='ocrx_word' id='word_1_192' title='bbox 1230 1752 1458 1802; x_wconf 86' lang='lat' dir='ltr'>circumque</span> <span class='ocrx_word' id='word_1_193' title='bbox 1479 1753 1575 1790; x_wconf 90' lang='lat' dir='ltr'>Nar-</span> 
     </span>
    </p>

    <p class='ocr_par' dir='ltr' id='par_1_12' title="bbox 207 1818 1632 2056">
     <span class='ocr_line' id='line_1_26' title="bbox 207 1818 1632 1872; baseline -0.001 -11"><span class='ocrx_word' id='word_1_194' title='bbox 207 1835 224 1866; x_wconf 81' lang='lat'>5</span> <span class='ocrx_word' id='word_1_195' title='bbox 244 1823 402 1869; x_wconf 90' lang='lat' dir='ltr'>bonem,</span> <span class='ocrx_word' id='word_1_196' title='bbox 422 1836 523 1872; x_wconf 88' lang='lat' dir='ltr'>quae</span> <span class='ocrx_word' id='word_1_197' title='bbox 543 1824 630 1861; x_wconf 89' lang='lat' dir='ltr'>loca</span> <span class='ocrx_word' id='word_1_198' title='bbox 650 1822 830 1861; x_wconf 87' lang='lat' dir='ltr'>hostibus</span> <span class='ocrx_word' id='word_1_199' title='bbox 845 1827 954 1860; x_wconf 88' lang='lat' dir='ltr'>erant</span> <span class='ocrx_word' id='word_1_200' title='bbox 975 1819 1150 1866; x_wconf 85' lang='lat' dir='ltr'>finitima,</span> <span class='ocrx_word' id='word_1_201' title='bbox 1167 1818 1369 1858; x_wconf 86' lang='lat' dir='ltr'>constituit</span> <span class='ocrx_word' id='word_1_202' title='bbox 1383 1832 1394 1866; x_wconf 79' lang='lat'><em>3</em></span> <span class='ocrx_word' id='word_1_203' title='bbox 1422 1825 1572 1869; x_wconf 89' lang='lat' dir='ltr'>partem</span> <span class='ocrx_word' id='word_1_204' title='bbox 1593 1827 1632 1859; x_wconf 88' lang='lat'>25</span> 
     </span>
     <span class='ocr_line' id='line_1_27' title="bbox 242 1883 1574 1938; baseline -0.004 -12"><span class='ocrx_word' id='word_1_205' title='bbox 242 1887 444 1938; x_wconf 88' lang='lat' dir='ltr'>copiarum</span> <span class='ocrx_word' id='word_1_206' title='bbox 479 1902 525 1926; x_wconf 85' lang='lat' dir='ltr'>ex</span> <span class='ocrx_word' id='word_1_207' title='bbox 563 1887 764 1938; x_wconf 86' lang='lat' dir='ltr'>provincia</span> <span class='ocrx_word' id='word_1_208' title='bbox 797 1888 1197 1937; x_wconf 87' lang='lat' dir='ltr'>supplementumque</span> <span class='ocrx_word' id='word_1_209' title='bbox 1235 1884 1344 1934; x_wconf 91' lang='lat' dir='ltr'>quod</span> <span class='ocrx_word' id='word_1_210' title='bbox 1382 1897 1429 1922; x_wconf 88' lang='lat' dir='ltr'>ex</span> <span class='ocrx_word' id='word_1_211' title='bbox 1461 1883 1574 1921; x_wconf 87' lang='lat' dir='ltr'>Italia</span> 
     </span>
     <span class='ocr_line' id='line_1_28' title="bbox 241 1948 1571 2003; baseline -0.003 -12"><span class='ocrx_word' id='word_1_212' title='bbox 241 1954 457 1991; x_wconf 82' lang='lat' dir='ltr'>adduxerat</span> <span class='ocrx_word' id='word_1_213' title='bbox 495 1952 535 1990; x_wconf 91' lang='lat' dir='ltr'>in</span> <span class='ocrx_word' id='word_1_214' title='bbox 576 1952 753 2000; x_wconf 87' lang='lat' dir='ltr'>Helvios,</span> <span class='ocrx_word' id='word_1_215' title='bbox 790 1952 858 2003; x_wconf 89' lang='lat' dir='ltr'>qui</span> <span class='ocrx_word' id='word_1_216' title='bbox 897 1951 984 1990; x_wconf 86' lang='lat' dir='ltr'>finis</span> <span class='ocrx_word' id='word_1_217' title='bbox 1024 1953 1287 1990; x_wconf 87' lang='lat' dir='ltr'>Arvernorum</span> <span class='ocrx_word' id='word_1_218' title='bbox 1327 1948 1571 1999; x_wconf 88' lang='lat' dir='ltr'>contingunt,</span> 
     </span>
     <span class='ocr_line' id='line_1_29' title="bbox 242 2017 590 2056; baseline 0.003 -1"><span class='ocrx_word' id='word_1_219' title='bbox 242 2017 451 2056; x_wconf 88' lang='lat' dir='ltr'>convenire</span> <span class='ocrx_word' id='word_1_220' title='bbox 471 2017 590 2056; x_wconf 84' lang='lat' dir='ltr'>iubet.</span> 
     </span>
    </p>

    <p class='ocr_par' dir='ltr' id='par_1_13' title="bbox 199 2079 1632 2199">
     <span class='ocr_line' id='line_1_30' title="bbox 199 2079 1569 2134; baseline -0.004 -12"><span class='ocrx_word' id='word_1_221' title='bbox 199 2089 223 2124; x_wconf 90' lang='lat'>8</span> <span class='ocrx_word' id='word_1_222' title='bbox 298 2083 373 2121; x_wconf 91' lang='lat' dir='ltr'>His</span> <span class='ocrx_word' id='word_1_223' title='bbox 403 2084 518 2122; x_wconf 88' lang='lat' dir='ltr'>rebus</span> <span class='ocrx_word' id='word_1_224' title='bbox 546 2083 792 2134; x_wconf 90' lang='lat' dir='ltr'>comparatis,</span> <span class='ocrx_word' id='word_1_225' title='bbox 824 2095 1002 2134; x_wconf 87' lang='lat' dir='ltr'>represso</span> <span class='ocrx_word' id='word_1_226' title='bbox 1026 2082 1102 2120; x_wconf 90' lang='lat' dir='ltr'>iam</span> <span class='ocrx_word' id='word_1_227' title='bbox 1133 2079 1316 2119; x_wconf 86' lang='lat' dir='ltr'>Lucterio</span> <span class='ocrx_word' id='word_1_228' title='bbox 1345 2087 1382 2118; x_wconf 89' lang='lat' dir='ltr'>et</span> <span class='ocrx_word' id='word_1_229' title='bbox 1407 2086 1569 2125; x_wconf 90' lang='lat' dir='ltr'>remoto,</span> 
     </span>
     <span class='ocr_line' id='line_1_31' title="bbox 243 2143 1632 2199; baseline -0.004 -13"><span class='ocrx_word' id='word_1_230' title='bbox 243 2149 351 2197; x_wconf 88' lang='lat' dir='ltr'>quod</span> <span class='ocrx_word' id='word_1_231' title='bbox 372 2147 513 2187; x_wconf 88' lang='lat' dir='ltr'>intrare</span> <span class='ocrx_word' id='word_1_232' title='bbox 534 2147 634 2186; x_wconf 88' lang='lat' dir='ltr'>intra</span> <span class='ocrx_word' id='word_1_233' title='bbox 655 2148 848 2199; x_wconf 90' lang='lat' dir='ltr'>praesidia</span> <span class='ocrx_word' id='word_1_234' title='bbox 867 2147 1131 2198; x_wconf 85' lang='lat' dir='ltr'>periculosum</span> <span class='ocrx_word' id='word_1_235' title='bbox 1153 2146 1326 2196; x_wconf 87' lang='lat' dir='ltr'>putabat,</span> <span class='ocrx_word' id='word_1_236' title='bbox 1342 2144 1382 2182; x_wconf 90' lang='lat' dir='ltr'>in</span> <span class='ocrx_word' id='word_1_237' title='bbox 1405 2143 1570 2183; x_wconf 86' lang='lat' dir='ltr'>Helvios</span> <span class='ocrx_word' id='word_1_238' title='bbox 1591 2152 1632 2182; x_wconf 81' lang='lat'>30</span> 
     </span>
    </p>

    <p class='ocr_par' dir='ltr' id='par_1_14' title="bbox 207 2207 1571 2262">
     <span class='ocr_line' id='line_1_32' title="bbox 207 2207 1571 2262; baseline -0.004 -11"><span class='ocrx_word' id='word_1_239' title='bbox 207 2231 222 2251; x_wconf 85' lang='lat'>2</span> <span class='ocrx_word' id='word_1_240' title='bbox 244 2211 509 2262; x_wconf 87' lang='lat' dir='ltr'>proficiscitur.</span> <span class='ocrx_word' id='word_1_241' title='bbox 571 2212 655 2252; x_wconf 89' lang='lat' dir='ltr'>Etsi</span> <span class='ocrx_word' id='word_1_242' title='bbox 677 2226 791 2252; x_wconf 89' lang='lat' dir='ltr'>mons</span> <span class='ocrx_word' id='word_1_243' title='bbox 819 2214 1017 2259; x_wconf 90' lang='lat' dir='ltr'>Cevenna,</span> <span class='ocrx_word' id='word_1_244' title='bbox 1041 2211 1108 2262; x_wconf 93' lang='lat' dir='ltr'>qui</span> <span class='ocrx_word' id='word_1_245' title='bbox 1129 2213 1325 2249; x_wconf 90' lang='lat' dir='ltr'>Arvernos</span> <span class='ocrx_word' id='word_1_246' title='bbox 1345 2209 1395 2247; x_wconf 92' lang='lat' dir='ltr'>ab</span> <span class='ocrx_word' id='word_1_247' title='bbox 1418 2207 1571 2247; x_wconf 88' lang='lat' dir='ltr'>Helviis</span> 
     </span>
    </p>
   </div>
   <div class='ocr_carea' id='block_1_5' title="bbox 241 2311 1569 2437">
    <p class='ocr_par' dir='ltr' id='par_1_15' title="bbox 241 2311 1569 2437">
     <span class='ocr_line' id='line_1_33' title="bbox 285 2311 1569 2355; baseline -0.002 -11"><span class='ocrx_word' id='word_1_248' title='bbox 285 2325 300 2351; x_wconf 77' lang='lat'>4</span> <span class='ocrx_word' id='word_1_249' title='bbox 329 2315 592 2353; x_wconf 84' lang='lat' dir='ltr'>pronuntiarunt</span> <span class='ocrx_word' id='word_1_250' title='bbox 607 2315 674 2346; x_wconf 80' lang='lat' dir='ltr'><em>cdd.</em></span> <span class='ocrx_word' id='word_1_251' title='bbox 692 2326 697 2345; x_wconf 93' lang='lat'>:</span> <span class='ocrx_word' id='word_1_252' title='bbox 724 2315 974 2355; x_wconf 84' lang='lat' dir='ltr'>pronuntiarint</span> <span class='ocrx_word' id='word_1_253' title='bbox 990 2327 1010 2345; x_wconf 86' lang='grc' dir='ltr'>α</span> <span class='ocrx_word' id='word_1_254' title='bbox 1024 2327 1031 2345; x_wconf 80' lang='lat' dir='ltr'><em>z</em></span> <span class='ocrx_word' id='word_1_255' title='bbox 1056 2314 1352 2354; x_wconf 80' lang='lat' dir='ltr'>pronuntiaverint</span> <span class='ocrx_word' id='word_1_256' title='bbox 1368 2314 1390 2347; x_wconf 86' lang='grc' dir='ltr'><em>β</em></span> <span class='ocrx_word' id='word_1_257' title='bbox 1406 2324 1413 2343; x_wconf 90' lang='lat'>:</span> <span class='ocrx_word' id='word_1_258' title='bbox 1548 2311 1569 2339; x_wconf 85' lang='lat'><strong>6</strong></span> 
     </span>
     <span class='ocr_line' id='line_1_34' title="bbox 243 2354 1568 2398; baseline -0.002 -12"><span class='ocrx_word' id='word_1_259' title='bbox 243 2359 498 2396; x_wconf 84' lang='lat' dir='ltr'>proponendum</span> <span class='ocrx_word' id='word_1_260' title='bbox 523 2370 565 2389; x_wconf 82' lang='lat' dir='ltr'>a:</span> <span class='ocrx_word' id='word_1_261' title='bbox 598 2359 789 2398; x_wconf 86' lang='lat' dir='ltr'>ponendum</span> <span class='ocrx_word' id='word_1_262' title='bbox 807 2361 830 2393; x_wconf 88' lang='grc' dir='ltr'>β</span> <span class='ocrx_word' id='word_1_263' title='bbox 1003 2367 1040 2396; x_wconf 89' lang='lat'>17</span> <span class='ocrx_word' id='word_1_264' title='bbox 1069 2357 1243 2388; x_wconf 88' lang='lat' dir='ltr'>Lucterius</span> <span class='ocrx_word' id='word_1_265' title='bbox 1268 2358 1310 2391; x_wconf 76' lang='lat' dir='ltr'>B:</span> <span class='ocrx_word' id='word_1_266' title='bbox 1349 2354 1524 2385; x_wconf 86' lang='lat' dir='ltr'>Lucretius</span> <span class='ocrx_word' id='word_1_267' title='bbox 1549 2364 1568 2382; x_wconf 91' lang='grc' dir='ltr'>α</span> 
     </span>
     <span class='ocr_line' id='line_1_35' title="bbox 241 2409 522 2437; baseline 0.004 -8"><span class='ocrx_word' id='word_1_268' title='bbox 241 2409 280 2437; x_wconf 84' lang='lat'>31</span> <span class='ocrx_word' id='word_1_269' title='bbox 307 2409 403 2431; x_wconf 88' lang='lat' dir='ltr'>mons</span> <span class='ocrx_word' id='word_1_270' title='bbox 420 2410 483 2432; x_wconf 45' lang='lat' dir='ltr'>omi</span> <span class='ocrx_word' id='word_1_271' title='bbox 503 2411 522 2430; x_wconf 90' lang='grc' dir='ltr'>α</span> 
     </span>
    </p>
   </div>
  </div>
 </body>
</html>
