1768 2739
430 155 503 192 DE
536 154 715 192 BELLO
746 153 989 191 GALLICO
1021 153 1122 189 LIB.
1155 153 1260 189 VIII

185 268 453 306 transduxerat
475 267 659 304 Rhenum
686 271 728 302 ut
752 263 948 313 equitibus
975 263 1190 313 interpositi
1216 262 1505 313 proeliarentur,

185 345 276 370 cum
300 329 542 369 constantius
567 328 734 367 universi
761 329 946 378 paludem
973 327 1199 366 transissent
1228 327 1442 377 paucisque
1467 327 1506 364 in

185 396 401 435 resistendo
439 393 649 432 interfectis
696 392 930 443 pertinacius
978 392 1167 441 reliquam
1214 392 1506 430 multitudinem

185 468 314 499 essent
342 459 517 506 insecuti,
545 457 734 509 perterriti
765 471 845 495 non
874 458 1000 495 solum
1031 457 1065 494 ei
1095 456 1161 506 qui
1190 464 1257 494 aut
1286 456 1507 494 comminus

148 524 505 575 5opprimebantur
542 530 608 561 aut
647 522 799 560 eminus
837 522 1139 559 vulnerabantur
1177 522 1247 558 sed
1285 520 1401 558 etiam
1441 521 1507 570 qui

184 589 335 639 longius
357 587 559 626 subsidiari
581 594 863 625 consueverant
883 586 1044 636 turpiter
1070 585 1290 635 refugerunt
1310 598 1383 623 nec
1403 585 1508 635 prius
1530 596 1546 625 3

185 656 303 692 finem
325 655 438 703 fugae
459 655 644 699 fecerunt,
667 665 783 702 saepe
804 651 954 690 amissis
976 650 1238 701 superioribus
1260 650 1366 696 loeis,
1390 663 1507 699 quam

185 732 225 757 se
258 726 325 757 aut
355 718 395 756 in
426 725 549 757 castra
581 730 739 755 suorum
771 716 986 766 reciperent
1019 723 1086 753 aut
1119 728 1199 753 non
1234 714 1329 752 nulli
1358 715 1509 764 pudore

185 783 310 822 coacti
343 782 495 832 longius
529 783 787 832 profugerent.
861 782 1041 829 Quorum
1074 779 1246 829 periculo
1278 778 1332 817 sic
1370 792 1508 817 omnes
1529 790 1547 819 4

129 866 166 888 10
185 847 322 898 copiae
369 854 459 885 sunt
505 847 751 896 perturbatae
799 852 841 883 ut
887 845 949 883 vix
996 844 1157 882 iudicari
1204 850 1337 893 posset
1379 850 1508 881 utrum

185 912 367 951 secundis
424 910 674 960 minimisque
730 911 845 949 rebus
912 908 1183 948 insolentiores
1239 922 1289 946 an
1346 909 1509 946 adverso

186 975 374 1015 mediocri
402 989 494 1014 casu
523 975 737 1014 timidiores
767 981 906 1013 essent.

240 1040 520 1091 Compluribus
569 1040 710 1079 diebus
758 1039 883 1079 isdem
933 1038 1065 1077 castris
1113 1037 1369 1088 consumptis,
1416 1051 1508 1092 cum
1530 1046 1574 1083 14

184 1106 343 1157 propius
372 1105 581 1144 accessisse
610 1105 782 1155 legiones
811 1112 849 1143 et
884 1105 926 1144 C.
960 1103 1203 1142 Trebonium
1233 1105 1402 1152 legatum
1424 1116 1510 1152 cog-

130 1186 165 1218 15
186 1179 357 1218 nossent,
397 1172 517 1210 duces
554 1172 851 1209 Bellovacorum
889 1168 999 1208 veriti
1037 1168 1204 1207 similem
1239 1167 1508 1206 obsessionem

185 1237 341 1275 Alesiae
370 1243 489 1275 noctu
519 1235 720 1275 dimittunt
759 1248 826 1274 eos
865 1247 963 1285 quos
1001 1241 1067 1272 aut
1105 1240 1231 1272 aetate
1268 1240 1335 1271 aut
1364 1232 1509 1271 viribus

185 1301 383 1340 inferiores
425 1308 491 1340 aut
531 1300 688 1339 inermis
731 1300 931 1339 habebant
969 1311 1125 1348 unaque
1163 1297 1310 1348 reliqua
1348 1297 1510 1348 impedi-

185 1374 327 1405 menta.
387 1367 567 1415 Quorum
597 1366 865 1415 perturbatum
893 1372 930 1403 et
954 1365 1162 1402 confusum
1189 1364 1284 1401 dum
1314 1362 1509 1413 explicant
1532 1377 1546 1398 2

183 1444 521 1482 agmen—magna
552 1430 656 1469 enim
688 1430 900 1468 multitudo
930 1442 1125 1468 carrorum
1159 1428 1275 1466 etiam
1306 1427 1509 1478 expeditos

127 1511 166 1533 20
185 1496 295 1546 sequi
325 1498 458 1535 Gallos
492 1494 938 1545 consuevit‚-—oppressi
976 1495 1063 1532 luce
1101 1493 1234 1543 copias
1272 1500 1509 1531 armatorum

186 1574 255 1611 pro
276 1561 354 1599 suis
374 1561 568 1599 instruunt
588 1560 732 1607 castris,
755 1573 805 1597 ne
825 1558 930 1609 prius
959 1557 1129 1596 Romani
1156 1557 1337 1608 persequi
1358 1571 1399 1596 se
1419 1557 1511 1595 inci-

185 1633 321 1675 perent
366 1638 483 1675 quam
531 1624 683 1674 longius
740 1637 880 1674 agmen
928 1622 1302 1673 impedimentorum
1350 1635 1509 1661 suorum

184 1689 444 1739 processisset.
520 1691 573 1727 At
612 1690 756 1728 Caesar
801 1702 931 1738 neque
977 1687 1189 1726 resistentis
1226 1687 1510 1737 aggrediendos
1532 1701 1549 1731 3

185 1761 294 1792 tanto
314 1754 424 1792 collis
444 1767 608 1793 ascensu
633 1753 831 1792 iudicabat
857 1766 987 1803 neque
1013 1766 1094 1791 non
1124 1765 1248 1802 usque
1269 1765 1316 1790 eo
1337 1751 1510 1802 legiones
1524 1755 1539 1767 ⁹

128 1828 165 1861 25
184 1820 451 1858 admovendas
481 1826 523 1857 ut
552 1819 754 1858 discedere
783 1832 829 1857 ex
856 1832 904 1857 eo
931 1820 1019 1857 loco
1046 1817 1129 1856 sine
1155 1817 1330 1867 periculo
1357 1817 1510 1856 barbari

186 1884 372 1922 militibus
406 1884 640 1924 instantibus
671 1899 752 1924 non
783 1892 953 1935 possent.
1032 1886 1103 1931 Ita,
1139 1897 1230 1923 cum
1268 1885 1412 1934 palude
1443 1884 1550 1928 im-4

185 1948 318 1997 pedita
345 1963 368 1987 a
397 1949 530 1988 castris
555 1958 678 1988 castra
702 1949 824 1988 dividi
850 1949 1009 1997 videret,
1032 1962 1133 1999 quae
1159 1948 1386 1987 transeundi
1416 1948 1512 1986 diffi-

185 2015 307 2052 cultas
328 2013 563 2053 celeritatem
585 2014 817 2065 insequendi
838 2015 989 2053 tardare
1009 2021 1152 2064 posset,
1174 2021 1292 2063 atque
1316 2013 1356 2051 id
1377 2013 1510 2063 iugum

185 2079 293 2128 quod
331 2086 434 2117 trans
465 2080 650 2129 paludem
688 2093 813 2129 paene
850 2081 902 2118 ad
935 2079 1107 2117 hostium
1139 2085 1264 2117 castra
1302 2077 1510 2127 pertineret

127 2152 165 2182 30
185 2143 373 2181 mediocri
401 2145 500 2182 valle
533 2157 554 2181 a
586 2143 718 2182 castris
748 2157 883 2182 eorum
915 2143 1139 2182 intercisum
1172 2142 1347 2181 animum
1378 2143 1511 2181 adver-

228 2258 247 2277 2
272 2247 305 2277 in
330 2247 520 2278 resistendo
545 2246 605 2277 B':
631 2247 903 2278 inresistentibus
926 2247 970 2278 T:
997 2247 1232 2278 resistentibus
1255 2245 1338 2276 A'U
1471 2256 1506 2275 11

184 2291 335 2321 adversis
351 2291 577 2321 mediocribus
592 2292 615 2324 Β
708 2300 745 2320 12
764 2301 842 2322 casu
867 2302 934 2322 om.
946 2293 969 2325 β
1059 2301 1097 2320 21
1119 2301 1180 2330 pro
1200 2290 1387 2320 ciacconius
1402 2301 1409 2320 :
1426 2289 1458 2319 in
1476 2288 1514 2318 X

185 2343 227 2372 23
246 2337 321 2373 posi
337 2334 534 2365 resistentes
551 2333 623 2364 add.
650 2344 759 2373 neque
780 2335 941 2365 cedentes
958 2336 980 2368 β
1069 2333 1322 2372 adgrediundos
1338 2344 1377 2365 a:
1403 2343 1468 2362 om.
1485 2335 1509 2366 β

186 2387 226 2415 24
251 2381 326 2416 post
347 2387 487 2408 ascensu
512 2377 585 2408 add.
614 2377 866 2412 lacessendosB
977 2387 1016 2416 27
1043 2377 1146 2407 dividi
1163 2377 1294 2407 videret
1311 2376 1507 2417 Nipperdey:

186 2422 261 2451 dum
280 2421 443 2451 divideret
461 2419 550 2450 MR:
577 2421 789 2451 durnuideret
805 2420 838 2450 A
856 2431 861 2450 z
888 2420 1053 2451 divideret
1071 2420 1104 2450 R
