1768 2739
630 137 673 175 C.
708 136 822 174 IVLI
855 136 1123 175 CAESARIS

214 248 386 287 bellandi
424 248 475 286 ab
513 247 592 298 agri
635 250 784 286 cultura
824 256 861 286 et
902 248 1101 287 cotidiano
1145 249 1277 287 labore
1318 250 1534 288 revocabat.

174 321 190 351 5
213 312 381 351 Sabinus
416 312 561 351 idoneo
595 312 778 351 omnibus
814 313 928 351 rebus
962 314 1050 351 loco
1085 313 1217 351 castris
1249 327 1333 352 sese
1367 314 1536 360 tenebat,

213 391 303 415 cum
324 377 525 416 Viridovix
545 385 681 416 contra
701 391 789 416 eum
818 379 939 416 duum
970 377 1119 415 milium
1144 378 1270 428 spatio
1297 378 1538 417 consedisset

213 441 437 492 cotidieque
457 441 657 492 productis
682 442 804 493 copiis
829 442 1030 492 pugnandi
1058 450 1291 492 potestatem
1321 443 1473 490 faceret,
1495 451 1538 481 ut

212 507 288 546 iam
310 521 390 546 non
411 509 538 546 solum
560 506 738 545 hostibus
760 507 798 544 in
824 507 1160 557 contemptionem
1187 507 1354 545 Sabinus
1378 507 1536 554 veniret,

212 573 281 610 sed
303 571 419 610 etiam
442 579 662 610 nostrorum
685 571 850 609 militum
879 571 1042 609 vocibus
1070 585 1149 610 non
1171 571 1266 609 nihil
1295 580 1515 622 carperetur
1528 587 1538 620 3

172 645 191 675 6
213 644 439 687 tantamque
474 636 701 686 opinionem
733 635 880 674 timoris
911 636 1089 686 praebuit
1123 644 1164 674 ut
1203 636 1279 674 iam
1313 638 1364 674 ad
1394 639 1536 675 vallum

140 708 425 746 *7castrorum
472 703 604 740 hostes
649 702 835 739 accedere
883 702 1081 739 auderent.
1161 702 1209 739 Id
1251 715 1296 739 ea
1334 703 1384 740 de
1423 715 1539 740 causa

212 767 377 806 faciebat
408 767 516 816 quod
547 780 637 804 cum
668 773 775 804 tanta
808 766 1058 805 multitudine
1096 766 1280 813 hostium,
1313 766 1536 816 praesertim

211 846 259 870 eo
290 832 453 870 absente
484 831 551 881 qui
591 845 785 869 summam
826 831 962 881 imperi
998 839 1158 877 teneret,
1191 831 1263 869 nisi
1293 845 1420 881 aequo
1450 833 1538 870 loco

210 905 277 935 aut
324 896 616 947 opportunitate
663 896 793 946 aliqua
835 897 926 934 data
972 897 1098 946 legato
1142 895 1411 935 dimicandum
1458 910 1538 935 non

211 961 465 1000 existimabat.

148 1025 190 1062 18
267 1028 357 1064 Hac
405 1027 633 1064 confirmata
678 1025 864 1075 opinione
907 1025 1065 1072 timoris,
1114 1025 1300 1064 idoneum
1340 1027 1538 1075 quendam

212 1091 413 1130 hominem
449 1098 486 1129 et
520 1090 705 1129 callidum
741 1090 895 1140 delegit,
928 1092 1097 1137 Gallum,
1134 1104 1180 1128 ex
1210 1090 1263 1128 eis
1296 1104 1394 1140 quos
1423 1090 1539 1128 auxili

175 1169 188 1189 2
211 1170 327 1194 causa
366 1170 498 1194 secum
537 1156 719 1194 habebat.
800 1155 906 1193 Huic
946 1155 1094 1206 magnis
1130 1155 1311 1205 praemiis
1354 1155 1540 1205 pollicita·
1582 1170 1597 1200 s

211 1220 463 1271 tionibusque
495 1221 703 1271 persuadet
734 1220 787 1257 uti
817 1221 868 1258 ad
903 1219 1024 1258 hostis
1055 1227 1234 1266 transeat,
1267 1228 1304 1257 et
1334 1219 1429 1269 quid
1459 1219 1539 1258 fieri

173 1295 190 1325 3
211 1285 301 1324 velit
328 1287 479 1324 edocet.
551 1285 631 1334 Qui
656 1285 722 1323 ubi
750 1298 820 1335 pro
848 1286 1006 1335 perfuga
1033 1286 1083 1323 ad
1116 1298 1182 1323 eos
1214 1284 1329 1330 venit,
1361 1284 1537 1323 timorem

213 1352 483 1388 Romanorum
500 1349 694 1400 proponit,
718 1349 860 1399 quibus
875 1349 1060 1398 angustiis
1077 1349 1159 1398 ipse
1177 1350 1321 1388 Caesar
1339 1363 1361 1387 a
1378 1349 1540 1387 Venetis

172 1432 186 1459 ,ι
211 1423 407 1465 prematur
436 1416 564 1461 docet,
594 1428 722 1463 neque
754 1414 906 1463 longius
937 1415 1074 1452 abesse
1102 1413 1195 1463 quin
1223 1413 1398 1463 proxima
1424 1421 1540 1452 nocte

211 1479 378 1518 Sabinus
406 1481 506 1518 clam
537 1493 583 1517 ex
612 1478 745 1517 castris
770 1478 980 1517 exercitum
1008 1479 1160 1525 educat,
1190 1486 1227 1516 et
1253 1479 1304 1516 ad
1332 1480 1539 1517 Caesarem
1562 1494 1576 1515 ε

173 1563 189 1592 :3
211 1544 326 1583 auxili
357 1544 506 1583 ferendi
534 1558 650 1582 causa
682 1543 957 1593 proficiscatur.
1031 1544 1152 1592 Quod
1176 1543 1243 1582 ubi
1264 1543 1441 1581 auditum
1469 1552 1538 1590 est,

212 1611 461 1648 conclamant
493 1622 631 1647 omnes
663 1608 911 1647 occasionem
945 1608 1076 1658 negoti
1110 1609 1212 1646 bene
1244 1608 1403 1658 gerendi
1433 1607 1541 1646 amit-

173 1682 191 1711 0
213 1676 371 1713 tendam
399 1687 479 1712 non
511 1687 605 1720 esse,
639 1674 689 1711 ad
716 1680 840 1711 castra
875 1672 917 1710 iri
955 1681 1143 1723 oportere.
1220 1674 1370 1711 Multae
1400 1686 1459 1711 res
1490 1674 1541 1711 ad

211 1741 287 1778 lioc
333 1738 540 1777 consilium
582 1740 715 1777 Gallos
764 1739 1019 1776 hortabantur
1044 1754 1049 1776 :
1100 1738 1342 1788 superiorum
1389 1738 1540 1776 dierum

212 1804 345 1843 Sabini
375 1803 584 1851 cunctatio,
621 1805 803 1854 perfugae
839 1803 1095 1851 confirmatio>
1127 1803 1259 1854 inopia
1293 1803 1538 1849 cibariorum,

211 1869 273 1907 cui
294 1869 347 1907 rei
374 1882 510 1919 parum
535 1868 739 1918 diligenter
758 1869 808 1906 ab
833 1868 892 1906 his
913 1877 993 1907 erat
1020 1868 1230 1919 provisum,
1253 1882 1341 1918 spes
1361 1865 1541 1906 Venetici

211 1933 314 1980 belli,
337 1941 374 1971 et
404 1934 512 1983 quod
532 1934 610 1971 fere
631 1933 797 1971 libenter
818 1933 997 1972 homines
1018 1933 1059 1972 id
1080 1935 1188 1983 quod
1208 1934 1344 1971 volunt
1365 1933 1538 1970 credunt.

176 2008 191 2042 7
214 1998 289 2036 His
310 1999 425 2036 rebus
445 1998 606 2036 adducti
627 2012 708 2037 non
734 1999 838 2049 prius
860 1999 1126 2038 Viridovicem
1152 1998 1401 2048 reliquosque
1421 1998 1542 2035 duces

213 2078 259 2101 ex
289 2062 457 2102 concilio
489 2063 691 2102 dimittunt
714 2079 831 2115 quam
860 2065 909 2103 ab
938 2064 996 2102 his
1024 2064 1072 2102 sit
1099 2077 1331 2102 concessum
1360 2075 1466 2100 arma
1487 2060 1542 2099 uti

174 2137 192 2166 8
212 2127 366 2177 capiant
397 2135 434 2166 et
463 2129 513 2166 ad
543 2137 668 2168 castra
699 2130 951 2168 contendant.
1026 2130 1117 2177 Qua
1146 2142 1185 2167 re
1219 2141 1406 2166 concessa
1439 2124 1540 2171 laeti,

212 2200 254 2230 ut
274 2194 471 2242 explorata
495 2194 665 2241 victoria,
694 2194 897 2233 sarmentis
921 2193 1171 2244 virgultisque
1201 2191 1373 2232 collectis
1400 2190 1541 2241 quibus

213 2258 334 2295 fossas
358 2260 629 2298 Romanorum
651 2261 887 2309 compleant,
909 2260 959 2297 ad
980 2266 1104 2297 castra
1124 2266 1298 2309 pergunt.

148 2333 194 2369 19
270 2324 398 2361 Locus
428 2332 507 2362 erat
537 2332 750 2363 castrorum
783 2324 910 2363 editus
942 2332 979 2362 et
1003 2323 1187 2374 paulatim
1209 2324 1258 2361 ab
1282 2322 1362 2359 imo
1387 2319 1541 2359 acclivis

215 2387 364 2426 circiter
391 2402 525 2438 passus
554 2388 668 2427 mille.
730 2391 823 2427 Huc
854 2402 997 2438 magno
1027 2401 1141 2426 cursu
1171 2387 1468 2431 contenderunt,
1501 2392 1542 2422 ut

1567 843 1599 864 10

1563 2135 1603 2165 30
