1768 2739
651 145 694 183 C.
730 145 844 181 IVLI
877 143 1145 181 CAESARIS

234 257 458 307 regionibus
510 257 799 306 multarumque
838 255 1012 305 gentium
1054 254 1141 292 finis
1181 261 1338 304 propter
1378 254 1566 304 magnitu-

195 338 215 368 4
233 321 368 360 dinem
390 320 553 371 attingit,
577 334 707 370 neque
728 320 936 370 quisquam
965 327 1022 358 cst
1044 319 1159 357 huius
1181 318 1416 357 Germaniae
1437 317 1504 368 qui
1524 331 1566 357 se

236 394 304 424 aut
323 385 452 425 adisse
471 387 522 425 ad
542 386 696 425 initium
726 387 808 425 eius
838 386 956 425 silvae
986 386 1101 433 dicat,
1133 399 1224 424 curn
1245 385 1396 425 dierum
1417 385 1488 424 iter
1510 397 1563 423 Lx

196 467 212 497 5
237 450 478 502 processerit,
501 459 569 490 aut
593 465 672 502 quo
700 465 747 491 ex
773 453 861 491 1000
888 451 1032 490 oriatur
1052 451 1271 502 acceperit3
1301 452 1502 501 multaque
1523 450 1562 488 in

234 529 280 554 ea
308 529 450 565 genera
471 516 638 553 ferarum
665 513 773 552 nasci
800 521 954 552 constat
978 526 1079 563 quae
1106 512 1263 562 reliquis
1291 512 1331 550 in
1360 512 1456 551 locis
1486 512 1567 551 visa
1587 525 1604 555 5

234 594 315 619 non
347 579 448 627 sint3
497 593 545 618 ex
583 578 726 628 quibus
765 591 867 627 quae
913 577 1081 616 maxime
1119 577 1301 616 differant
1339 578 1389 615 ab
1429 577 1566 616 ceteris

234 652 272 684 et
302 644 515 683 memoriae
544 643 749 693 prodenda
778 642 984 680 videantur
1012 643 1110 680 haec
1139 649 1239 680 sunt.

144 709 215 750 “26
290 712 361 748 Est
394 710 468 748 bos
500 708 602 747 cervi
638 709 769 757 figura,
805 707 915 745 cuius
949 720 973 745 a
1007 707 1138 745 media
1168 709 1295 746 fronte
1334 707 1432 746 inter
1463 707 1566 746 auris

234 788 358 813 unum
389 787 511 812 cornu
542 772 689 811 exsistit
713 771 903 811 excelsius
933 771 1136 822 magisque
1165 771 1358 810 directum
1380 772 1434 810 eis
1464 786 1566 822 quae

235 839 349 878 nobis
379 846 474 878 nota
503 845 594 877 sunt
624 837 819 876 cornibus.
879 837 944 875 Ab
975 836 1058 875 eius
1090 850 1246 875 summo
1280 836 1380 875 sicut
1412 838 1566 887 palmae
1589 849 1628 871 10

162 935 166 938 -
199 919 213 939 2
235 905 411 955 ramique
444 906 522 943 late
552 903 836 942 diffunduntur.
898 903 1050 941 Eadem
1079 909 1137 941 est
1168 901 1337 941 feminae
1370 901 1566 952 marisque

234 978 383 1017 natura,
406 970 546 1026 eadem
568 970 693 1007 forma
714 967 1026 1018 magnitudoque
1045 980 1248 1006 cornuum.

162 1044 213 1084 27
288 1037 387 1074 Sunt
408 1034 502 1073 item
523 1048 625 1084 quae
648 1035 895 1084 appellantur
921 1034 1034 1071 alces.
1097 1034 1251 1071 Harum
1273 1040 1331 1071 est
1351 1031 1566 1071 consimilis

233 1099 359 1150 capris
393 1101 516 1150 figura
549 1106 588 1138 et
618 1098 782 1137 varietas
822 1097 996 1148 pellium,
1037 1099 1107 1137 sed
1142 1096 1413 1148 magnitudine
1448 1098 1566 1147 paulo

233 1166 485 1212 antecedunt,
510 1163 752 1214 mutilaeque
781 1171 872 1202 sunt
901 1162 1098 1209 cornibus,
1129 1169 1167 1201 et
1196 1175 1306 1200 crura
1336 1161 1420 1200 sine
1449 1160 1565 1199 nodis
1590 1175 1625 1205 15

199 1247 213 1267 2
233 1230 457 1280 articlisque
483 1230 643 1276 habent,
667 1242 796 1278 neque
823 1228 965 1278 quietis
997 1241 1116 1267 causa
1136 1227 1402 1278 procumbunt
1423 1239 1562 1276 neque,

234 1295 264 1333 si
286 1308 366 1345 quo
386 1294 567 1334 adflictae
588 1307 681 1332 casu
702 1293 973 1340 conciderunt,
995 1292 1140 1342 erigere
1170 1306 1255 1331 sese
1275 1298 1342 1330 aut
1362 1291 1565 1330 sublevare

197 1377 214 1406 3
234 1367 409 1410 possunt.
470 1359 547 1397 His
572 1366 663 1397 sunt
689 1359 847 1397 arbores
868 1370 940 1408 pro
960 1356 1182 1395 cubilibus:
1212 1357 1263 1394 ad
1291 1368 1355 1394 eas
1380 1368 1421 1393 se
1445 1354 1565 1405 appli-

233 1431 324 1462 cant
353 1431 472 1474 atque
502 1423 554 1461 ita
583 1424 745 1473 paulum
778 1423 900 1460 modo
939 1421 1147 1460 reclinatae
1182 1420 1355 1470 quietem
1390 1418 1559 1468 capiunt.

195 1508 215 1538 4
234 1490 413 1537 Quarum
440 1502 487 1527 ex
515 1487 686 1538 vestigiis
708 1500 798 1525 cum
829 1494 887 1525 est
915 1486 1233 1525 animadversum
1262 1499 1286 1523 a
1311 1483 1563 1523 venatoribus
1586 1498 1626 1519 20

232 1567 312 1603 quo
333 1567 375 1592 se
395 1553 567 1603 recipere
591 1551 827 1598 consuerint,
851 1550 980 1589 omnis
1008 1564 1056 1589 eo
1080 1552 1169 1588 loco
1195 1556 1263 1587 aut
1289 1549 1339 1587 ab
1366 1548 1563 1587 radicibus

233 1619 425 1657 subruunt
454 1624 521 1656 aut
550 1616 737 1655 accidunt
764 1616 934 1662 arbores,
967 1622 1120 1653 tantum
1151 1621 1194 1652 ut
1228 1627 1382 1652 summa
1414 1612 1564 1663 species

195 1704 211 1734 5
233 1697 366 1722 earum
387 1682 574 1721 stantium
595 1681 844 1731 relinquatur.
908 1682 1002 1718 Huc
1023 1693 1113 1718 cum
1135 1693 1176 1718 se
1196 1678 1485 1717 consuetudine
1511 1692 1565 1717 re-

233 1748 487 1794 clinaverunt,
518 1746 692 1785 infirmas
721 1746 879 1785 arbores
909 1745 1086 1795 pondere
1114 1743 1306 1794 adfligunt
1335 1750 1454 1794 atque
1484 1756 1563 1781 una

233 1813 341 1864 ipsae
361 1812 589 1851 concidunt.
1587 1819 1622 1849 25

162 1880 214 1918 28
287 1877 465 1916 Tertium
492 1884 551 1915 est
579 1889 703 1926 genus
731 1888 866 1914 eorum
894 1874 961 1925 qui
988 1874 1045 1913 uri
1072 1876 1328 1925 appellantur.
1391 1873 1448 1912 Hi
1473 1881 1564 1912 sunt

234 1941 504 1991 magnitudine
543 1942 662 1991 paulo
701 1940 800 1978 infra
838 1941 1078 1989 elephantos,
1114 1939 1244 1989 specie
1279 1946 1316 1977 et
1355 1940 1486 1977 colore
1525 1946 1564 1977 et

197 2024 212 2045 2
233 2008 355 2057 figura
386 2006 495 2045 tauri.
571 2007 718 2055 Magna
749 2004 805 2042 vis
840 2018 976 2043 eorum
1011 2012 1068 2043 est
1103 2011 1141 2042 et
1180 2017 1321 2054 magna
1352 2003 1562 2050 velocitas;

233 2084 362 2121 neque
396 2069 548 2109 homini
586 2083 716 2119 neque
750 2071 853 2108 ferae
893 2083 1011 2119 quam
1055 2076 1343 2118 conspexerunt
1384 2076 1558 2120 parcunt.

196 2152 213 2181 3
234 2137 322 2174 Hos
339 2134 514 2173 studiose
528 2133 650 2173 foveis
667 2141 803 2183 captos
820 2132 1058 2171 interficiunt
1072 2148 1081 2181 3
1111 2134 1188 2171 hoc
1209 2147 1249 2172 se
1270 2134 1403 2172 labore
1419 2134 1561 2172 durant
1584 2141 1623 2172 30

231 2201 503 2238 adulescentes
535 2207 654 2249 atque
683 2201 760 2237 hoc
789 2212 931 2249 genere
960 2199 1178 2238 venationis
1212 2208 1402 2247 exercent,
1427 2207 1465 2238 et
1495 2198 1562 2249 qui

233 2264 421 2313 plurimos
448 2278 495 2304 ex
522 2264 581 2303 his
609 2264 896 2311 interfecerunt,
920 2264 1048 2303 relatis
1076 2264 1115 2302 in
1143 2264 1346 2315 publicum
1377 2264 1560 2304 cornibus

277 2377 297 2406 3
321 2372 377 2398 aut
393 2369 503 2399 adisse
522 2372 583 2398 tres
600 2368 686 2399 codd.
705 2368 868 2398 [lambres
882 2379 889 2398 z
920 2373 977 2398 aut
993 2369 1130 2399 audisse
1146 2373 1204 2400 aut
1217 2368 1329 2400 adisse
1346 2367 1384 2397 X
1539 2377 1561 2407 9

234 2412 405 2442 derectum
422 2413 444 2445 β
462 2415 534 2441 teste
549 2411 670 2452 Fmgcll
803 2413 841 2441 16
865 2411 1079 2450 articulisque
1097 2413 1119 2446 β
