1768 2739
440 608 498 659 C.
556 607 708 658 IVLI
762 606 1156 659 CAESARIS.

564 741 1020 772 COMMENTARIORVM

336 850 451 906 DE
514 849 807 908 BELLO
862 848 1254 907 GALLICO

589 994 760 1030 LIBER
791 993 998 1031 SEXTVS

187 1115 354 1152 MULTIS
387 1114 437 1152 de
471 1112 596 1151 causis
631 1112 775 1151 Caesar
809 1111 996 1151 maiorem
1031 1112 1180 1151 Galliae
1214 1119 1366 1151 motum
1397 1125 1456 1150 ex·
1476 1128 1493 1154 1

131 1186 322 1228 spectans,
365 1191 433 1227 per
484 1179 539 1215 M.
581 1176 768 1224 Silanum,
817 1177 860 1216 C.
899 1176 1113 1215 Antistium
1158 1176 1366 1226 Reginum,
1407 1179 1453 1214 T.

131 1243 316 1289 Sextium,
353 1244 511 1291 legatos,
548 1241 734 1280 dilectum
765 1241 909 1279 habere
939 1240 1127 1289 instituit3
1157 1241 1271 1280 simul
1298 1241 1348 1279 ab
1381 1242 1453 1280 Cn.
1480 1254 1494 1274 2

131 1307 322 1357 Pompeio
362 1307 596 1356 proconsule
634 1305 739 1355 petit,
781 1305 969 1355 quoniam
1004 1305 1087 1356 ipse
1117 1306 1167 1344 ad
1200 1306 1337 1344 urbem
1367 1318 1458 1344 cum

93 1389 109 1420 5
130 1372 294 1422 imperio
328 1371 381 1410 rei
412 1370 593 1421 publicae
632 1383 750 1408 causa
785 1377 1012 1417 remaneret,
1054 1383 1153 1420 quos
1183 1384 1228 1408 ex
1259 1369 1459 1420 Cisalpina

131 1436 258 1475 Gallia
286 1435 457 1474 consulis
493 1441 737 1473 sacramento
776 1434 986 1484 rogavisset
1016 1435 1066 1473 ad
1106 1434 1215 1484 signa
1249 1434 1459 1473 convenire

132 1503 235 1540 etad
256 1514 296 1539 se
311 1499 505 1551 proficisci
522 1499 682 1546 iuberet,
717 1499 848 1548 magni
866 1499 1051 1538 interesse
1072 1499 1189 1538 etiam
1206 1499 1245 1537 in
1266 1499 1458 1549 reliquum
1480 1512 1498 1543 3

132 1574 286 1616 tempus
306 1567 357 1604 ad
378 1564 605 1615 opinionem
628 1563 778 1602 Galliae
796 1563 1021 1602 existimans
1037 1570 1164 1602 tantas
1180 1563 1300 1603 videri
1323 1564 1459 1602 Italiae

133 1632 334 1669 facultates
364 1637 416 1676 ut,
449 1629 479 1667 si
509 1629 604 1679 quid
634 1636 735 1667 esset
772 1628 810 1666 in
846 1629 951 1667 bello
982 1628 1206 1667 detrimenti
1238 1635 1457 1678 acceptum,

80 1711 115 1733 10
134 1708 214 1733 non
248 1695 368 1733 modo
400 1694 439 1732 id
470 1693 577 1732 brevi
615 1701 791 1744 tempore
832 1693 960 1732 sarciri
992 1694 1061 1732 sed
1095 1693 1212 1731 etiam
1247 1692 1459 1731 maioribus

133 1759 264 1809 augeri
295 1757 417 1808 copiis
447 1766 588 1808 posset.
649 1760 771 1808 Quod
800 1773 890 1798 cum
914 1758 1125 1808 Pompeius
1146 1765 1184 1796 et
1204 1757 1257 1795 rei
1278 1757 1459 1807 publicae
1477 1770 1496 1801 4

134 1831 172 1861 et
202 1822 395 1861 amicitiae
426 1823 633 1871 tribuisset,
668 1824 842 1862 celeriter
877 1825 1058 1863 confecto
1090 1836 1158 1872 per
1191 1835 1281 1861 suos
1313 1822 1458 1860 dilectu

134 1887 256 1926 tribus
294 1894 385 1926 ante
422 1895 597 1927 exactam
639 1889 809 1927 hiemem
851 1896 889 1927 et
930 1888 1151 1927 constitutis
1193 1894 1231 1925 et
1277 1887 1459 1925 adductis

135 1951 364 2002 legionibus,
405 1953 684 2003 duplicatoque
730 1966 863 1992 earum
903 1952 1124 1992 cohortium
1164 1965 1328 1990 numero
1362 1965 1458 2002 quas

80 2034 114 2064 15
136 2030 225 2054 cum
248 2018 296 2064 Q.
319 2016 470 2055 Titurio
490 2017 682 2064 amiserat,
704 2024 742 2056 et
763 2017 958 2056 celeritate
985 2024 1022 2056 et
1052 2017 1174 2068 copiis
1201 2016 1335 2055 docuit
1363 2017 1457 2065 quid

136 2081 269 2130 populi
293 2081 463 2120 Romani
484 2081 690 2132 disciplina
709 2089 826 2132 atque
846 2095 942 2132 opes
963 2089 1133 2132 possent.

190 2147 401 2184 Interfecto
430 2146 711 2193 Indutiomaro,
735 2154 777 2185 ut
800 2147 1017 2194 docuimus,
1041 2148 1091 2185 ad
1112 2146 1194 2184 eius
1216 2145 1457 2196 propinquos
1477 2160 1501 2188 2

134 2223 156 2247 a
194 2210 371 2249 Treveris
410 2210 616 2260 imperium
654 2211 834 2249 defertur.
908 2211 969 2249 Illi
1008 2211 1195 2249 finitimos
1238 2212 1457 2249 Germanos

135 2274 343 2313 sollicitare
374 2282 411 2313 et
441 2275 648 2324 pecuniam
684 2276 857 2325 polliceri
888 2289 968 2315 non
1000 2275 1203 2314 desistunt.
1276 2276 1378 2315 Cum
1408 2276 1458 2314 ab
1480 2292 1494 2313 2

79 2356 117 2377 20
136 2339 320 2390 proximis
353 2339 557 2389 impetrare
588 2352 667 2378 non
700 2348 869 2389 possent,
902 2340 1101 2379 ulteriores
1133 2347 1335 2391 temptant.
1398 2341 1459 2378 In-

202 2444 223 2471 6
248 2442 396 2472 consulis
413 2440 466 2470 X:
493 2442 607 2472 consul
628 2442 811 2472 Ciacconius
947 2453 984 2472 10
1007 2443 1122 2473 sarciri
1140 2444 1185 2477 B:
1211 2442 1366 2473 resarciri
1383 2454 1402 2472 α

208 2516 350 2538 CAESAR.
373 2516 438 2537 13.c·.
1346 2518 1365 2546 S
