1768 2739
675 167 719 205 C.
754 167 869 203 IVLI
901 166 1169 204 CAESARIS

259 285 367 328 parte
401 278 578 316 militum.
640 277 797 328 Reliqui
828 291 869 316 se
898 278 937 316 in
967 287 1091 316 castra
1119 277 1312 328 recipiunt
1339 279 1446 317 unde
1475 286 1585 317 erant

221 342 410 393 5egressi.
471 345 529 381 Ex
563 342 706 393 quibus
741 344 783 381 L.
822 343 1060 381 Petrosidius
1091 342 1280 393 aquilifer,
1316 356 1406 381 cum
1446 356 1587 393 magna

259 407 511 447 multitudine
538 407 709 446 hostium
738 415 986 458 premeretur,
1009 408 1181 458 aquilam
1212 408 1312 446 intra
1332 409 1476 446 vallum
1504 421 1588 458 pro-

220 472 374 521 6iecit3
415 473 499 523 ipse
537 487 608 523 pro
639 473 772 512 castris
804 473 1013 511 fortissime
1048 486 1228 523 pugnans
1262 472 1464 512 occiditur.
1525 473 1587 512 Illi

258 552 372 588 aegre
391 540 442 577 ad
463 546 621 577 noctem
642 537 979 588 oppugnationem
1002 538 1219 576 sustinent:
1249 545 1370 576 noctu
1391 538 1443 576 ad
1464 551 1587 576 unum
1608 550 1626 582 5

222 616 238 649 7
258 617 397 642 omnes
442 604 648 654 desperata
693 605 817 641 salute
862 616 903 641 se
948 602 1020 653 ipsi
1059 602 1307 641 interficiunt.
1383 602 1503 641 Pauci
1542 616 1588 641 ex

258 668 407 718 proelio
441 668 561 718 elapsi
600 667 756 706 incertis
795 667 997 706 itineribus
1036 680 1105 717 per
1135 667 1249 706 silvas
1287 668 1339 706 ad
1370 668 1415 705 T.
1452 667 1589 705 Labie-

258 747 353 771 num
383 735 555 783 legatum
584 732 624 771 in
660 732 824 771 hiberna
856 731 1089 782 perveniunt
1121 739 1241 782 atque
1270 745 1361 770 eum
1392 732 1443 771 de
1472 732 1588 770 rebus

257 797 375 848 gestis
402 797 607 836 certiorem
635 797 792 836 faciunt.

187 857 238 903 38
314 865 405 900 Hac
433 861 595 901 victoria
623 862 800 900 sublatus
823 861 1030 900 Ambiorix
1058 861 1189 900 statim
1219 875 1310 900 cum
1340 861 1516 912 equitatu
1547 862 1585 899 in
1611 873 1648 895 10

258 929 501 975 Aduatucos,
517 927 584 978 qui
601 934 710 965 erant
726 927 809 966 eius
829 940 950 978 regno
971 927 1137 974 finitimi,
1152 926 1411 977 proficiscitur
1424 942 1435 976 3
1459 941 1589 977 neque

258 1000 417 1031 noctem
442 1006 573 1042 neque
599 992 705 1031 diem
726 991 946 1030 intermittit
970 991 1271 1041 peditatumque
1291 1005 1376 1030 sese
1400 991 1587 1042 subsequi

221 1079 236 1099 2
258 1058 376 1096 iubet.
447 1059 508 1096 Re
546 1058 816 1096 demonstrata
849 1056 1148 1107 Aduatucisque
1179 1056 1397 1104 concitatis,
1430 1064 1589 1106 postero

257 1123 321 1161 die
352 1122 390 1160 in
426 1121 592 1161 Nervios
624 1122 801 1172 pervenit
829 1123 1085 1172 hortaturque
1115 1135 1167 1160 ne
1195 1121 1255 1160 sui
1285 1120 1324 1159 in
1354 1128 1588 1171 perpetuum

258 1187 449 1226 liberandi
487 1195 606 1238 atque
645 1186 861 1226 ulciscendi
896 1188 1102 1225 Romanos
1140 1199 1212 1237 pro
1250 1185 1306 1224 eis
1344 1199 1442 1238 quas
1481 1199 1589 1224 acce-
1610 1197 1648 1228 15

220 1266 237 1296 3
257 1252 383 1303 perint
405 1252 553 1291 iniuriis
575 1252 825 1291 occasionem
846 1251 1045 1290 dimittant
1055 1266 1065 1299 3
1088 1250 1314 1289 interfectos
1334 1264 1420 1289 esse
1440 1251 1588 1300 legatos

257 1320 338 1357 duo
381 1332 645 1368 magnamque
683 1324 834 1367 partem
873 1317 1064 1356 exercitus
1103 1316 1281 1355 interisse
1318 1317 1589 1362 demonstrat3

218 1383 353 1424 4nihil
393 1396 478 1421 esse
517 1382 649 1432 negoti
688 1382 819 1420 subito
858 1394 1086 1431 oppressam
1125 1381 1321 1430 legionem
1355 1394 1457 1430 quae
1495 1393 1587 1418 cum

258 1448 451 1487 Cicerone
477 1447 623 1486 hiemet
655 1446 819 1485 interfici
834 1461 845 1494 3
882 1460 924 1484 se
954 1447 1005 1485 ad
1032 1459 1119 1484 eam
1146 1459 1227 1484 rem
1254 1446 1458 1496 profitetur
1481 1445 1588 1483 adiu-

257 1521 393 1553 torem.
454 1512 583 1552 Facile
603 1514 677 1551 hac
698 1512 874 1551 oratione
896 1511 1048 1550 Nerviis
1069 1512 1288 1561 persuadet.
1609 1522 1647 1544 20

183 1586 238 1624 39
313 1581 453 1628 Itaque
476 1577 684 1616 confestim
709 1576 879 1615 dimissis
904 1575 1051 1614 nuntiis
1073 1577 1124 1614 ad
1146 1576 1377 1622 Ceutrones,
1401 1575 1585 1622 Grudios,

258 1646 444 1689 Levacos‚
478 1641 739 1688 Pleumoxios‚
771 1640 1032 1687 Geidumnos,
1067 1639 1135 1690 qui
1169 1653 1308 1678 omnes
1339 1640 1413 1678 sub
1448 1653 1585 1678 eorum

255 1708 420 1759 imperio
451 1714 552 1754 sunt,
575 1720 694 1757 quam
722 1705 911 1744 maximas
938 1718 1078 1743 manus
1102 1712 1268 1755 possunt
1294 1711 1441 1754 cogunt
1470 1711 1508 1742 et
1535 1705 1586 1742 de

254 1772 466 1823 improviso
494 1773 545 1810 ad
567 1770 769 1811 Ciceronis
796 1770 961 1809 hiberna
988 1770 1187 1817 advolant,
1209 1770 1389 1808 nondum
1415 1770 1467 1807 ad
1493 1783 1585 1807 eum

219 1853 234 1874 2
255 1839 359 1876 fama
383 1839 433 1876 de
453 1836 579 1875 Tituri
607 1843 732 1874 morte
759 1836 915 1885 perlata.
977 1833 1086 1872 Huic
1115 1847 1275 1884 quoque
1298 1833 1453 1880 accidit,
1476 1834 1585 1883 quod
1607 1846 1644 1877 25

255 1903 325 1941 fuit
346 1916 517 1949 necesse,
544 1908 587 1939 ut
610 1914 690 1939 non
712 1900 807 1938 nulli
832 1899 974 1938 milites
1001 1899 1069 1949 qui
1098 1898 1322 1949 lignationis
1343 1897 1586 1936 munitionis—

255 1982 332 2018 que
353 1981 470 2006 causa
490 1967 529 2005 in
551 1966 664 2005 silvas
692 1964 962 2004 discessissent
988 1964 1194 2014 repentino
1215 1963 1392 2014 equitum
1412 1964 1584 2002 adventu

218 2044 236 2074 3
255 2032 586 2082 interciperentur.
648 2029 716 2068 Eis
740 2028 1026 2076 circumventis,
1056 2041 1198 2078 magna
1221 2041 1340 2067 manu
1363 2028 1582 2073 Eburones,

256 2097 400 2144 Nervii,
416 2095 615 2135 Aduatuci
635 2102 754 2144 atque
774 2096 914 2133 horum
935 2093 1114 2133 omnium
1131 2092 1226 2132 socii
1242 2100 1280 2132 et
1294 2092 1455 2131 clientes
1468 2092 1583 2142 legio-

255 2177 346 2200 nem
367 2175 594 2212 oppugnare
614 2159 817 2210 incipiunt.
877 2159 1010 2198 Nostri
1032 2158 1206 2197 celeriter
1225 2159 1276 2196 ad
1296 2171 1404 2196 arma
1423 2170 1583 2195 concur·
1604 2169 1644 2199 30

216 2237 235 2268 4
254 2235 353 2273 runt,
376 2228 521 2265 vallum
551 2225 834 2264 conscendunt.
893 2226 1021 2274 Aegre
1047 2223 1078 2262 is
1099 2223 1182 2262 dies
1204 2229 1450 2269 sustentatur,
1474 2222 1583 2270 quod

256 2306 415 2329 omnem
433 2305 542 2342 spem
556 2293 689 2329 hostes
705 2290 744 2328 in
766 2288 963 2328 celeritate
983 2289 1185 2338 ponebant
1200 2295 1318 2338 atque
1334 2289 1436 2325 hanc
1448 2284 1582 2334 adepti

255 2356 455 2395 victori-am
477 2356 516 2394 in
538 2363 770 2405 perpetuum
792 2368 832 2392 se
854 2355 934 2392 fore
955 2353 1121 2392 victores
1142 2352 1406 2392 confidebant.

743 2468 758 2496 7
784 2456 891 2495 elapsi
908 2458 951 2490 B:
977 2456 1062 2495 lapsi
1077 2467 1098 2485 α
