1768 2739
435 143 508 179 DE
541 140 721 179 BELLO
752 138 997 178 GALLICO
1029 139 1131 176 LIB.
1164 139 1222 175 VI

169 255 281 302 Quae
319 256 400 293 fore
438 253 654 303 suspicatus
704 250 912 297 Labienus,
954 258 996 289 ut
1033 250 1161 288 omnis
1200 249 1294 288 citra
1342 250 1488 286 fiumen
1510 266 1524 286 2

167 318 333 365 eliceret,
356 319 494 356 eadem
519 329 612 355 usus
639 315 888 354 simulatione
920 314 1065 352 itineris
1092 314 1245 364 placide
1272 312 1490 364 progredie—

168 384 289 422 batur.
365 385 469 421 Tum
507 381 726 432 praemissis
765 382 926 431 paulum
965 379 1256 430 impedimentis
1295 386 1412 428 atque
1451 378 1490 415 in
1512 391 1529 420 3

167 450 317 487 tumulo
346 448 519 498 quodam
539 445 751 492 collocatis,
776 444 992 491 ‘Habetis,'
1013 443 1150 493 inquit,
1176 446 1184 462 ‘
1201 442 1354 489 milites,
1372 455 1491 491 quam
1511 457 1529 487 4

129 512 314 564 5petistis
352 513 599 550 facultatem:
647 512 802 549 hostem
841 509 1032 560 impedito
1070 516 1189 558 atque
1226 507 1363 556 iniquo
1404 508 1492 544 loco

166 577 331 616 tenetis:
379 584 570 627 praestate
599 577 767 615 eandem
806 575 921 614 nobis
950 575 1118 614 ducibus
1148 574 1341 619 virtutem,
1373 586 1492 622 quarn

166 655 281 692 saepe
314 654 478 679 numero
516 639 738 690 imperatori
779 639 1032 690 praestitistis,
1066 646 1184 689 atque
1213 638 1323 676 illurn
1353 638 1493 675 adesse

166 714 204 744 et
232 707 328 744 haec
358 718 489 744 coram
510 718 667 743 cernere
690 704 931 743 existimate.²
991 703 1114 742 Simul
1136 703 1245 753 signa
1264 703 1315 741 ad
1336 703 1491 739 hostem
1512 714 1529 746 5

167 770 339 809 converti
369 769 573 820 aciemque
602 769 715 819 dirigi
744 769 853 808 iubet
885 776 933 816 et,
971 768 1104 819 paucis
1135 767 1270 806 turmis
1298 765 1493 817 praesidio

111 850 149 872 10
166 837 217 874 ad
237 834 518 885 impedimenta
539 834 719 881 dimissis,
736 834 905 884 reliquos
923 834 1073 884 equites
1094 834 1145 872 ad
1166 834 1285 870 latera
1305 831 1489 881 disponit.

168 900 354 939 Celeriter
383 899 503 938 nostri
537 901 706 938 clamore
737 900 891 938 sublato
923 898 1001 949 pila
1040 898 1079 936 in
1111 897 1233 935 hostis
1263 896 1489 934 immittunt.
1512 904 1531 933 6

170 964 241 1012 Illi,
267 964 336 1003 ubi
362 971 512 1014 praeter
537 977 647 1013 spem
674 977 773 1013 quos
801 965 931 1013 fugere
960 962 1173 1001 credebant
1198 960 1347 999 infestis
1375 960 1493 1009 signis

167 1031 217 1068 ad
252 1043 293 1068 se
331 1029 384 1067 ire
413 1028 604 1074 viderunt,
639 1028 830 1078 impetum
870 1029 991 1067 modo
1030 1028 1127 1065 ferre
1166 1038 1246 1064 non
1282 1032 1493 1074 potuerunt

167 1109 213 1133 ac
260 1094 386 1144 primo
432 1107 625 1132 concursu
673 1093 712 1131 in
760 1095 891 1143 fugam
940 1091 1079 1131 coiecti
1136 1090 1331 1141 proximas
1379 1089 1493 1127 silvas

111 1173 147 1204 15
168 1159 372 1209 petierunt.
443 1160 555 1206 Quos
597 1157 796 1196 Labienus
837 1157 1013 1207 equitatu
1054 1162 1313 1201 consectatus,
1351 1167 1494 1203 magno
1516 1167 1531 1198 7

168 1237 332 1262 numero
361 1222 576 1269 interfecto,
607 1222 875 1272 compluribus
905 1220 1039 1271 captis,
1071 1219 1205 1270 paucis
1236 1225 1323 1269 post
1352 1218 1493 1257 diebus

169 1287 364 1326 civitatem
403 1286 558 1336 recepit.
636 1288 740 1325 Nam
780 1285 967 1325 Germani
1005 1285 1073 1335 qui
1111 1284 1254 1322 auxilio
1283 1282 1493 1322 veniebant

168 1359 351 1402 percepta
379 1353 637 1390 Treverorum
667 1352 757 1400 fuga
785 1365 870 1389 sese
900 1353 1064 1389 domum
1090 1356 1328 1398 receperunt.
1389 1349 1491 1387 Cum
1511 1356 1529 1386 8

168 1416 227 1455 his
257 1416 466 1467 propinqui
498 1415 757 1454 Indutiomari
786 1415 853 1465 qui
882 1413 1114 1453 defectionis
1138 1420 1316 1451 auctores
1341 1413 1492 1450 fuerant

111 1495 149 1517 20
169 1481 343 1520 comitati
377 1494 445 1519 eos
479 1494 525 1519 ex
558 1480 713 1519 civitate
752 1486 1010 1519 excesserunt.
1082 1477 1332 1528 Cingetorigi,
1374 1491 1492 1527 quern

169 1548 218 1586 ab
244 1546 355 1585 initio
375 1545 632 1597 permansisse
654 1546 693 1583 in
713 1545 843 1584 officio
863 1543 1230 1590 demonstravimus,
1254 1542 1494 1593 principatus

168 1619 286 1661 atque
307 1610 513 1660 imperium
534 1617 591 1648 est
612 1609 807 1649 traditum.

224 1676 378 1721 Caesar,
402 1681 610 1724 postquam
631 1688 677 1712 ex
706 1674 901 1724 Menapiis
925 1673 965 1711 in
989 1675 1180 1712 Treveros
1201 1671 1317 1718 venit,
1341 1672 1494 1710 duabus
1514 1680 1541 1716 9

173 1741 223 1778 de
255 1738 382 1777 causis
413 1740 600 1776 Rhenum
630 1738 790 1776 transire
819 1737 1046 1776 constituit:
1089 1751 1255 1787 quarum
1294 1750 1372 1774 una
1401 1744 1492 1783 erat,
1515 1750 1529 1770 2

113 1820 150 1850 25
171 1805 279 1854 quod
299 1802 439 1841 auxilia
459 1810 594 1841 contra
622 1816 663 1841 se
692 1802 870 1841 Treveris
891 1803 1094 1849 miserant,
1132 1803 1262 1847 altera,
1285 1814 1335 1839 ne
1354 1802 1405 1839 ad
1427 1814 1494 1839 eos

170 1867 374 1906 Ambiorix
394 1874 593 1917 receptum
614 1867 784 1905 haberet.
846 1866 922 1905 His
942 1866 1162 1905 constitutis
1184 1866 1310 1912 rebus,
1332 1867 1492 1915 paulum
1514 1877 1531 1906 3

170 1946 286 1982 supra
319 1946 410 1971 eum
444 1934 574 1970 locum
613 1945 693 1981 quo
730 1939 821 1970 ante
859 1931 1070 1970 exercitum
1109 1932 1329 1969 traduxerat
1367 1932 1493 1968 facere

171 2004 332 2048 pontem
375 1997 550 2035 instituit.
624 1998 729 2034 Nota
775 2003 893 2046 atque
936 1995 1111 2034 instituta
1158 1994 1307 2033 ratione
1350 2008 1530 2043 niagno4

172 2061 337 2100 militum
378 2061 509 2100 studio
549 2060 682 2111 paucis
723 2060 861 2099 diebus
902 2074 1001 2110 opus
1041 2059 1213 2098 efficitur.
1283 2058 1414 2096 Firmo
1453 2058 1492 2096 in
1513 2075 1529 2105 5

114 2141 155 2171 30
173 2126 349 2165 Treveris
378 2128 429 2165 ad
458 2134 619 2176 pontem
647 2125 841 2175 praesidio
870 2125 1003 2163 relicto
1027 2138 1077 2162 ne
1105 2123 1191 2174 quis
1211 2124 1261 2161 ab
1283 2122 1341 2160 his
1363 2122 1494 2161 subito

173 2199 302 2230 motus
350 2198 532 2237 oreretur,
574 2189 742 2239 reliquas
790 2189 922 2239 copias
969 2188 1267 2238 equitatumque
1314 2187 1490 2225 traducit.

172 2257 279 2304 Ubii,
321 2256 387 2307 qui
427 2263 518 2294 ante
564 2255 725 2294 obsides
767 2256 957 2294 dederant
1004 2262 1122 2304 atque
1162 2253 1201 2290 in
1250 2252 1531 2293 deditionem6

170 2329 367 2368 venerant,
398 2320 590 2371 purgandi
619 2319 678 2358 sui
708 2333 825 2358 causa
857 2319 908 2358 ad
939 2332 1030 2357 eum
1059 2319 1206 2367 legatos
1236 2317 1394 2355 mittunt
1425 2316 1492 2367 qui

173 2424 501 2495 Ug.0..e}⁴sc‘³⁵⁵es¹¹nt
517 2420 561 2454 B:
587 2422 805 2449 excesserant
821 2429 841 2447 α
929 2427 972 2455 32
998 2413 1153 2446 UbiiA':
1174 2415 1304 2446 UbiR:
1325 2415 1426 2445 Ubihi
1445 2414 1490 2445 T:

230 2475 239 2495 1
256 2475 277 2494 n
