1706 2729
425 148 496 184 DE
529 146 708 183 BELLO
739 146 983 182 GALLICO
1015 147 1117 183 LIB.
1153 147 1193 182 ΙΙ

207 259 308 297 Cum
331 269 400 308 per
424 270 557 295 eorum
586 255 672 293 finis
699 254 869 293 triduum
898 255 969 293 iter
994 256 1158 303 fecisset,
1183 256 1405 295 inveniebat
1426 270 1471 294 ex
1491 257 1536 294 16

151 323 311 373 captivis
342 321 474 361 Sabim
509 322 654 358 flumen
685 321 735 358 ab
765 320 897 358 castris
931 320 1008 357 suis
1043 334 1123 358 non
1161 321 1328 371 amplius
1368 321 1472 359 milia

151 401 336 438 passuum
350 399 377 425 x
390 387 527 425 abesse
544 401 550 424 :
575 392 679 423 trans
699 385 739 423 id
760 386 907 423 flumen
921 385 1048 423 omnis
1066 385 1231 424 Nervios
1247 386 1472 424 consedisse
1490 374 1508 419 ‘2

151 453 442 501 adventumque
462 449 516 489 ibi
537 452 807 488 Romanorum
828 457 1051 499 exspectare
1072 463 1149 488 una
1169 463 1259 488 cum
1276 450 1472 488 Atrebatis

113 530 129 560 5
152 525 189 556 et
202 515 491 563 Viromanduis,
515 514 688 553 finitimis
705 514 782 552 suis
805 514 912 565 (nam
929 514 988 552 his
1009 514 1183 564 utrisque
1201 522 1472 564 persuaserant

152 581 205 620 uti
222 582 388 620 eandem
404 579 496 619 belli
513 581 707 618 fortunam
725 578 1003 629 experirentur)
1019 593 1029 626 ς
1058 578 1271 628 exspectari
1289 578 1405 617 etiam
1421 579 1470 616 ab
1494 590 1510 619 3

150 645 209 684 his
217 644 661 694 Aduatucorumcopias
675 651 792 694 atque
806 657 890 682 esse
903 643 942 681 in
956 643 1108 682 itinere:
1131 643 1311 681 mulieres
1325 642 1472 693 quique
1491 660 1509 690 4

149 724 217 760 per
250 717 417 748 aetatem
449 711 500 748 ad
533 722 703 759 pugnam
732 708 886 747 inutiles
910 708 1133 747 viderentur
1155 707 1195 745 in
1222 721 1312 746 eum
1339 709 1470 746 locum

149 774 333 813 coiecisse
355 787 433 824 quo
454 781 611 824 propter
631 774 793 823 paludes
814 773 996 811 exercitui
1016 772 1145 811 aditus
1165 786 1245 810 non
1266 780 1378 811 esset.

91 851 129 873 10
204 840 279 877 His
301 840 415 878 rebus
436 838 612 889 cognitis,
631 840 891 888 exploratores
912 837 1240 887 centurionesque
1260 837 1471 887 praemittit
1491 842 1533 880 17

149 904 215 954 qui
249 906 379 942 locum
419 903 606 942 idoneum
639 903 773 942 castris
812 902 992 953 deligant.
1064 904 1167 941 Cum
1198 916 1244 940 ex
1277 901 1471 940 dediticiis
1493 916 1507 936 2

150 968 278 1019 Belgis
317 968 553 1018 reliquisque
587 967 708 1006 Gallis
746 969 967 1017 complures
1002 968 1209 1006 Caesarem
1242 966 1364 1005 secuti
1393 980 1472 1004 una

148 1033 218 1071 iter
239 1034 420 1079 facerent,
444 1032 605 1081 quidam
633 1046 679 1070 ex
705 1032 774 1079 his,
800 1039 841 1070 ut
861 1039 997 1082 postea
1017 1046 1062 1070 ex
1083 1031 1243 1081 captivis
1270 1031 1470 1081 cognitum

149 1105 216 1144 est,
252 1111 386 1135 eorum
426 1097 577 1135 dierum
615 1096 901 1135 consuetudine
939 1096 1085 1134 itineris
1123 1096 1245 1134 nostri
1283 1095 1471 1134 exercitus

92 1176 127 1206 15
150 1169 362 1211 perspecta,
391 1169 506 1199 nocte
537 1162 588 1199 ad
610 1161 774 1199 Nervios
801 1168 1059 1210 pervenerunt
1085 1168 1202 1210 atque
1229 1160 1283 1198 eis
1311 1161 1471 1198 demon-

149 1235 315 1264 strarunt
344 1226 443 1264 inter
473 1226 641 1276 singulas
673 1226 844 1276 legiones
878 1225 1250 1275 impedimentorum
1285 1238 1469 1274 magnum

149 1305 354 1329 numerum
391 1291 630 1329 intercedere
665 1304 793 1340 neque
832 1304 916 1328 esse
955 1290 1165 1340 quicquam
1205 1289 1347 1340 negoti,
1379 1303 1468 1327 cum

148 1356 271 1406 prima
292 1355 392 1405 legio
414 1355 451 1393 in
474 1363 597 1408 castra
624 1355 793 1393 venisset
818 1355 1067 1405 reliquaeque
1091 1355 1263 1405 legiones
1285 1366 1470 1403 magnum

147 1420 314 1471 spatium
343 1421 534 1467 abessent,
560 1421 660 1458 hanc
689 1421 762 1458 sub
790 1419 948 1458 sarcinis
975 1418 1139 1457 adoriri:
1170 1432 1246 1468 qua
1273 1420 1383 1468 pulsa
1404 1418 1471 1455 im-
1491 1431 1508 1461 3

90 1498 128 1521 20
146 1485 461 1536 pedimentisque
482 1485 651 1535 direptis,
668 1486 839 1522 futurum
856 1492 897 1522 ut
913 1484 1083 1534 reliquae
1104 1492 1238 1522 contra
1258 1483 1470 1522 consistere

147 1564 226 1589 non
247 1552 445 1589 auderent.
506 1550 729 1588 Adiuvabat
757 1550 873 1588 etiam
905 1563 1039 1588 eorum
1067 1549 1273 1587 consilium
1294 1548 1359 1598 qui
1388 1562 1468 1586 rem
1488 1560 1507 1589 4

147 1616 374 1654 deferebant
399 1616 507 1665 quod
535 1614 667 1653 Nervii
693 1614 916 1664 antiquitus,
944 1628 1034 1652 cum
1062 1613 1236 1664 equitatu
1263 1613 1358 1651 nihil
1386 1626 1471 1663 pos-

147 1687 232 1718 sent
250 1680 394 1730 (neque
415 1679 520 1718 enim
540 1681 591 1718 ad
612 1681 687 1717 hoc
708 1687 861 1729 tempus
883 1679 917 1717 ei
933 1679 986 1717 rei
1007 1680 1165 1717 student
1193 1679 1261 1717 sed
1282 1678 1469 1728 quicquid

147 1753 310 1795 possunt
332 1744 576 1795 pedestribus
606 1746 734 1782 valent
758 1743 910 1794 copiis),
933 1757 1012 1793 quo
1039 1743 1187 1781 facilius
1216 1743 1469 1781 finitimorum

90 1823 126 1855 ²5
148 1809 374 1859 equitatum,
399 1809 429 1847 si
457 1808 670 1859 praedandi
695 1822 811 1846 causa
833 1809 884 1846 ad
905 1821 972 1846 eos
993 1808 1199 1854 venissent,
1222 1806 1466 1857 impedirent,

148 1874 288 1912 teneris
316 1874 518 1913 arboribus
546 1873 676 1911 incisis
705 1882 823 1923 atque
853 1873 1001 1911 inflexis
1031 1872 1253 1922 crebrisque
1280 1872 1319 1909 in
1346 1871 1470 1909 latitu-

147 1939 281 1977 dinem
298 1938 412 1976 ramis
429 1938 551 1977 enatis
568 1949 606 1976 et
626 1937 730 1976 rubis
751 1937 1005 1987 sentibusque
1026 1937 1245 1984 interiectis,
1263 1937 1469 1975 effecerant

148 2012 189 2041 ut
203 2003 321 2041 instar
338 2003 436 2042 muri
451 2005 523 2042 hae
545 2016 680 2053 saepes
702 2002 945 2041 munimenta
965 2002 1019 2041 eis
1035 2003 1276 2052 praeberent,
1296 2015 1375 2051 quo
1388 2014 1468 2039 non

149 2068 268 2106 modo
285 2081 365 2106 non
387 2067 517 2106 intrari
531 2069 600 2106 sed
620 2081 669 2106 ne
690 2067 855 2118 perspici
872 2067 1032 2117 quidem
1053 2074 1195 2117 posset.
1258 2066 1332 2104 His
1353 2066 1468 2105 rebus
1488 2080 1505 2111 5

89 2147 128 2177 30
147 2145 236 2170 cum
264 2132 334 2171 iter
362 2132 525 2183 agminis
556 2132 675 2171 nostri
702 2132 963 2183 impediretur,
987 2145 1067 2171 non
1091 2131 1353 2170 omittendum
1380 2144 1469 2169 con-

147 2197 273 2236 silium
297 2197 428 2236 Nervii
449 2197 772 2236 existimaverunt.

191 2303 232 2332 26
249 2302 381 2332 inflexis
396 2301 590 2341 crebrisque
601 2301 670 2336 [38¹³
686 2314 693 2332 :
724 2312 788 2332 nm.
807 2313 845 2333 a:
870 2312 935 2340 que
952 2301 1057 2339 our]
1143 2301 1185 2331 28
1210 2301 1416 2330 munimenta
1429 2300 1468 2330 iis

148 2345 253 2375 Riisclz
270 2357 276 2375 :
309 2345 526 2376 munimentis
541 2356 580 2374 a:
620 2345 827 2375 munimenta
843 2344 918 2374 M2:
954 2345 1197 2375 munimentum
1220 2343 1249 2374 Τ
1334 2354 1376 2382 29
1401 2353 1466 2373 non

148 2399 213 2419 om.
238 2388 280 2419 T‘2
406 2393 522 2428 posset
539 2387 596 2423 1313
611 2398 688 2418 corr.
708 2399 713 2417 z
739 2389 846 2427 possit
862 2400 880 2417 α
1000 2398 1042 2427 30
1062 2391 1136 2428 post
1152 2388 1372 2419 omittendum
1392 2386 1465 2417 add.

148 2431 210 2462 sibi
227 2430 284 2465 βΒ
300 2442 375 2461 corr.
