1768 2739
619 143 661 182 C.
698 143 813 181 IVLI
845 143 1113 182 CAESARIS

201 263 344 301 verant,
374 256 639 294 ostenderunt.
702 254 756 292 Hi
788 262 939 293 nostros
967 253 1150 293 disiectos
1180 253 1305 292 adorti
1337 252 1527 304 proelium

201 328 444 359 renovarunt.

136 393 178 420 21
256 387 476 435 Pugnatum
504 392 561 422 est
585 384 653 423 diu
679 392 796 434 atque
823 383 970 430 acriter,
1000 397 1088 421 cum
1112 383 1305 421 Sontiates
1330 381 1530 433 superiori-

201 450 274 487 bus
304 448 472 487 victoriis
505 448 589 487 freti
620 448 657 486 in
689 462 757 486 sua
781 447 920 486 virtute
951 447 1067 486 totius
1100 447 1334 497 Aquitaniae
1364 448 1528 485 salutem

200 514 367 564 positam
390 521 580 564 putarent,
604 513 723 552 nostri
750 521 881 551 autem
910 512 1005 562 quid
1030 512 1111 551 sine
1136 512 1367 563 imperatore
1389 519 1426 549 et
1446 510 1529 549 sine
1548 529 1566 562 5

200 578 356 629 reliquis
404 578 622 628 legionibus
672 579 969 616 adulescentulo
1027 578 1128 615 duce
1178 577 1329 615 efficere
1369 583 1529 627 possent

200 642 366 693 perspici
396 652 605 693 cuperent:
651 650 781 680 tamen
811 641 979 680 confecti
1010 641 1233 679 vulneribus
1263 642 1394 679 hostes
1425 648 1529 691 terga

139 708 176 745 ‘2
201 715 357 746 vertere.
432 709 612 756 Quorum
650 720 791 757 magno
827 720 991 745 numero
1032 706 1235 744 interfecto
1282 707 1444 745 Crassus
1483 719 1529 743 ex

200 771 336 810 itinere
384 772 575 822 oppidum
625 771 845 810 Sontiatum
895 784 1120 822 oppugnare
1155 770 1294 821 coepit.
1373 770 1528 819 Quibus

160 849 177 879 3
200 836 347 875 fortiter
374 836 641 875 resistentibus
666 836 797 875 vineas
826 835 1017 886 turrisque
1047 835 1133 886 egit.
1195 835 1267 882 1111,
1298 834 1391 873 alias
1421 848 1529 885 erup·
1553 854 1590 876 10

200 900 305 939 tione
336 908 534 950 temptata,
565 901 659 939 alias
686 900 875 939 cuniculis
910 901 960 939 ad
990 913 1168 950 aggerem
1195 899 1404 949 vineasque
1433 899 1529 937 actis

200 964 326 1014 (cuius
354 964 405 1003 rei
439 974 528 1003 sunt
560 967 675 1015 longe
706 964 926 1015 peritissimi
958 964 1156 1015 Aquitani,
1188 972 1392 1014 propterea
1421 965 1529 1013 quod

200 1029 330 1067 multis
361 1029 455 1068 locis
485 1032 591 1080 apud
621 1044 688 1069 eos
718 1030 885 1069 aerariae
917 1038 1170 1079 secturaeque
1200 1029 1319 1078 sunt),
1351 1028 1417 1067 ubi
1448 1028 1530 1067 dili-

198 1093 328 1143 gentia
348 1102 568 1133 nostrorum
593 1095 689 1132 1111111
717 1094 775 1132 his
800 1095 914 1133 rebus
942 1094 1077 1144 profici
1104 1108 1218 1144 posse
1245 1093 1527 1139 intellexerunt,

199 1159 345 1208 legatos
366 1161 416 1198 ad
438 1161 621 1199 Crassum
645 1159 803 1198 mittunt
833 1173 953 1209 seque
978 1159 1016 1196 in
1044 1159 1286 1198 deditionem
1308 1166 1349 1196 ut
1370 1157 1529 1208 recipiat
1551 1168 1587 1199 Ι5

198 1231 346 1273 petunt.
407 1226 498 1272 Qua
518 1238 557 1262 re
578 1224 781 1275 impetrata
801 1238 907 1262 arma
929 1225 1078 1262 tradere
1100 1223 1190 1261 iussi
1212 1223 1367 1261 faciunt.

127 1297 177 1324 22
253 1290 384 1338 Atque
414 1288 453 1326 in
481 1303 527 1327 ea
558 1302 597 1327 re
627 1289 804 1327 omnium
840 1297 1060 1327 nostrorum
1091 1288 1249 1326 intentis
1273 1287 1423 1333 animis,
1455 1286 1529 1324 alia

199 1367 244 1390 ex
274 1362 382 1403 parte
412 1353 547 1403 oppidi
572 1354 833 1397 Adiatunnus,
867 1354 932 1403 qui
960 1367 1154 1391 summam
1187 1352 1322 1403 imperi
1356 1352 1525 1396 tenebat,

161 1432 174 1452 2
198 1431 288 1455 cum
314 1429 365 1455 Dc
393 1418 554 1464 devotis,
578 1432 676 1467 quos
702 1418 754 1456 illi
779 1418 971 1456 soldurios
997 1419 1206 1467 appellant,
1239 1430 1404 1467 quorum
1430 1418 1526 1454 haec

198 1489 255 1519 est
286 1481 468 1520 condicio
503 1490 543 1520 ut
581 1482 766 1521 omnibus
805 1482 843 1519 in
879 1482 955 1520 vita
989 1481 1208 1520 commodis
1241 1495 1317 1519 una
1351 1495 1440 1519 cum
1472 1480 1526 1519 eis
1547 1491 1588 1513 20

197 1547 370 1584 fruantur
391 1560 557 1596 quorum
579 1561 619 1585 se
645 1546 837 1585 amicitiae
863 1546 1095 1593 dediderint,
1119 1546 1149 1584 si
1171 1545 1265 1596 quid
1286 1546 1339 1584 eis
1361 1560 1428 1596 per
1448 1545 1525 1583 vim

196 1610 359 1658 accidat,
395 1620 461 1649 aut
495 1613 666 1650 eundem
707 1626 840 1650 casum
879 1625 956 1649 una
987 1613 1109 1650 ferant
1143 1619 1208 1649 aut
1247 1610 1321 1649 sibi
1360 1618 1526 1649 mortem

159 1689 176 1719 3
197 1675 467 1723 consciscant3
497 1690 626 1726 neque
655 1677 785 1714 adhuc
817 1676 1021 1714 hominum
1050 1675 1238 1714 memoria
1267 1683 1439 1725 repertus
1469 1683 1528 1714 est

196 1740 404 1791 quisquam
439 1741 516 1791 qui,
551 1755 599 1780 eo
630 1741 833 1780 interfecto
865 1741 974 1779 cuius
1006 1755 1047 1779 se
1076 1740 1269 1779 amicitiae
1293 1739 1524 1786 devovisset,

157 1805 295 1849 4mori
333 1814 557 1845 recusaret:
598 1820 689 1844 cum
729 1806 787 1844 his
826 1806 1077 1845 Adiatunnus
1116 1805 1362 1856 eruptionem
1400 1807 1526 1844 facere
1548 1817 1585 1848 25

196 1878 370 1917 conatus,
402 1872 574 1909 clamore
604 1871 654 1909 ab
687 1885 732 1909 ea
763 1878 870 1920 parte
898 1869 1126 1909 munitionis
1155 1870 1321 1917 sublato,
1355 1883 1446 1908 cum
1474 1870 1526 1908 ad

195 1949 301 1973 arma
340 1935 482 1974 milites
521 1936 808 1974 concurrissent
846 1936 1178 1985 vehementerque
1216 1934 1271 1974 ibi
1308 1942 1524 1985 pugnatum

197 2008 308 2046 esset,
349 2002 525 2050 repulsus
559 1999 599 2037 in
640 1999 830 2050 oppidum
869 2006 1000 2038 tamen
1039 1998 1094 2038 uti
1135 2000 1274 2038 eadem
1313 1998 1524 2038 deditionis

196 2064 431 2103 condicione
452 2073 623 2103 uteretur
642 2065 692 2103 ab
714 2066 856 2104 Crasso
876 2064 1105 2115 impetravit.

125 2139 175 2175 23
250 2129 379 2167 Armis
409 2129 695 2179 obsidibusque
725 2128 907 2179 acceptis,
940 2130 1102 2168 Crassus
1131 2128 1171 2166 in
1198 2128 1286 2167 finis
1314 2127 1523 2166 Vocatium
1546 2140 1585 2170 30

160 2205 173 2225 2
197 2200 234 2231 et
263 2193 511 2232 Tarusatium
541 2194 737 2243 profectus
768 2200 834 2231 est.
894 2194 999 2230 Tum
1022 2206 1113 2231 vero
1143 2192 1306 2239 barbari,
1336 2191 1521 2231 commoti

196 2259 304 2307 quod
339 2258 529 2308 oppidum
564 2265 602 2296 et
640 2265 777 2296 natura
815 2257 889 2296 loci
929 2265 966 2296 et
1006 2271 1123 2295 manu
1165 2257 1359 2296 munitum
1389 2256 1522 2306 paucis

196 2321 334 2360 diebus
374 2322 515 2371 quibus
556 2336 603 2361 eo
642 2330 802 2361 ventum
833 2330 912 2360 erat
951 2330 1213 2373 expugnatum
1246 2328 1519 2371 cognoverant,

622 2436 636 2464 7
663 2427 798 2457 tandem
816 2427 878 2456 cod.
900 2437 986 2456 unns
1004 2426 1092 2457 dclcr.
