1768 2739
674 126 717 163 C.
754 125 868 162 IVLI
901 125 1170 164 CAESARIS

254 238 324 275 sed
354 236 531 275 omnium
562 245 782 287 temporum
809 235 1038 286 dignitatem
1071 244 1107 274 ct
1138 236 1299 286 gratiam
1329 237 1583 283 antecessisse

254 302 485 340 viderentur.
547 301 623 339 His
643 301 743 340 datis
764 301 958 340 mandatis
979 314 1046 340 eos
1067 302 1116 340 ab
1138 315 1179 340 se
1200 301 1356 341 dimisit.

183 367 233 405 55
308 366 594 405 Noviodunum
625 373 705 405 erat
735 366 925 416 oppidum
959 368 1190 405 Aeduorum
1225 367 1275 405 ad
1305 366 1406 416 ripas
1437 366 1584 418 Ligeris

215 446 229 466 2
253 438 477 481 opportuno
524 432 613 469 loco
660 430 842 481 positum.
923 432 1016 469 Huc
1065 432 1209 470 Caesar
1256 431 1384 469 omnis
1425 431 1583 471 obsides

253 496 413 543 Galliae,
460 497 708 542 frumentum,
755 495 963 546 pecuniam
1007 496 1216 546 publicam,
1259 509 1418 535 suorum
1465 504 1583 547 atque
1605 510 1621 541 5

214 572 231 602 3
252 560 442 599 exercitus
463 560 835 611 impedimentorum
858 573 1039 610 magnam
1060 568 1210 611 partem
1232 562 1449 600 contulerat
1465 576 1476 610 5
1505 563 1582 600 huc

254 639 439 675 magnum
480 639 686 664 numerum
725 637 917 674 equorum
955 625 1070 663 huius
1109 626 1201 664 belli
1240 639 1357 664 causa
1395 626 1434 664 in
1470 627 1582 666 Italia

211 704 230 734 4
252 698 369 740 atque
402 690 596 740 Hispania
622 697 850 739 coemptum
882 689 1047 728 miserat.
1127 692 1187 728 Eo
1216 703 1307 728 cum
1339 691 1581 740 Eporedorix

251 755 601 804 Viridomarusque
621 753 819 793 venissent
846 761 884 792 et
908 755 958 792 de
985 761 1087 792 statu
1108 753 1272 792 civitatis
1293 755 1577 804 cognovissent,

252 819 494 858 Litaviccum
512 818 694 857 Bibracte
710 819 759 857 ab
774 818 923 857 Aeduis
945 826 1157 869 receptum,
1181 820 1290 868 quod
1310 827 1368 857 est
1388 819 1579 870 oppidum
1603 833 1642 855 10

249 885 355 934 apud
376 897 443 923 eos
464 883 656 922 maximae
676 883 926 930 auctoritatis,
943 883 1297 923 Convictolitavem
1313 884 1580 934 magistratum

250 963 512 999 magnamque
539 956 688 999 partem
716 956 873 987 senatus
900 949 951 987 ad
978 962 1068 987 eum
1090 949 1333 996 convenisse,
1355 951 1502 1000 legatos
1528 952 1579 989 ad

248 1014 607 1064 Vercingetorigem
642 1014 692 1052 de
723 1026 820 1063 pace
856 1021 894 1051 et
932 1013 1103 1052 amicitia
1141 1013 1389 1052 concilianda
1421 1015 1579 1064 publice

249 1078 399 1125 missos,
423 1092 502 1117 non
524 1077 914 1129 praetermittendum
936 1085 1088 1116 tantum
1110 1079 1367 1117 commodum
1388 1078 1579 1118 existima-

208 1152 224 1182 5
247 1151 394 1182 verunt.
475 1144 614 1192 Itaque
648 1141 859 1181 interfectis
899 1142 1128 1181 Novioduni
1162 1142 1393 1181 custodibus
1431 1143 1578 1194 quique
1603 1157 1636 1189 ¹5

248 1222 295 1246 eo
325 1207 553 1258 negotiandi
585 1221 702 1246 causa
733 1215 1009 1254 convenerant,
1050 1207 1259 1258 pecuniam
1297 1215 1415 1258 atque
1454 1221 1578 1258 equos

207 1280 225 1310 6
247 1273 345 1311 inter
375 1286 415 1311 se
445 1272 573 1322 partiti
600 1280 690 1310 sunt
705 1287 714 1319 3
757 1271 915 1310 obsides
943 1271 1143 1310 civitatum
1172 1272 1353 1311 Bibracte
1384 1273 1434 1311 ad
1462 1273 1578 1322 magi-

209 1349 224 1382 7
247 1346 408 1376 stratum
429 1338 688 1376 deducendos
708 1344 940 1375 curaverunt
957 1351 967 1384 5
997 1337 1200 1387 oppidum,
1221 1338 1329 1386 quod
1349 1351 1372 1375 a
1392 1350 1433 1375 se
1454 1337 1576 1376 teneri

245 1416 325 1440 non
352 1415 468 1452 posse
493 1401 732 1448 iudicabant,
755 1415 804 1440 ne
831 1401 893 1439 cui
921 1408 1022 1440 esset
1049 1401 1135 1440 usui
1163 1401 1364 1449 Romanis,
1394 1401 1577 1441 incende-

205 1476 223 1505 8
245 1475 332 1505 runt
348 1482 357 1514 3
391 1466 574 1505 frumenti
609 1467 717 1516 quod
751 1465 882 1504 subito
913 1473 1125 1516 potuerunt
1155 1466 1320 1505 navibus
1352 1475 1573 1515 avexerunt,
1597 1481 1637 1504 20

204 1549 222 1579 9
245 1532 437 1581 reliquum
476 1530 638 1569 flumine
676 1538 794 1581 atque
833 1530 1018 1569 incendio
1066 1540 1332 1581 corruperunt.
1409 1531 1490 1582 Ipsi
1529 1546 1576 1571 ex

243 1596 417 1634 finitimis
439 1595 661 1645 regionibus
685 1595 818 1645 copias
839 1608 988 1645 cogere,
1011 1595 1203 1646 praesidia
1227 1595 1504 1646 custodiasque
1524 1598 1574 1635 ad

243 1661 343 1711 ripas
361 1660 507 1710 Ligeris
524 1660 732 1710 disponere
753 1660 1051 1710 equitatumque
1072 1660 1255 1699 omnibus
1272 1660 1367 1699 locis
1387 1660 1573 1700 iniciendi

243 1725 391 1763 timoris
431 1738 548 1763 causa
586 1732 782 1764 ostentare
821 1733 1048 1774 coeperunt,
1086 1725 1116 1763 si
1155 1726 1205 1763 ab
1245 1738 1284 1763 re
1323 1725 1573 1763 frumentaria

244 1791 447 1828 Romanos
485 1790 701 1836 excludere,
745 1787 826 1841 [aut
869 1790 1063 1827 adductos
1111 1789 1243 1838 inopia
1284 1803 1331 1828 ex
1374 1788 1573 1839 provincia
1595 1807 1631 1838 ²5

184 1868 221 1889 10
242 1851 449 1905 expellere]
472 1861 642 1903 possent.
704 1854 835 1902 Quam
857 1855 907 1892 ad
935 1866 1045 1903 spem
1078 1855 1244 1891 multum
1269 1866 1336 1891 eos
1360 1853 1572 1892 adiuvabat

241 1919 349 1967 quod
376 1917 489 1967 Liger
513 1932 559 1956 ex
586 1917 740 1956 nivibus
768 1925 949 1964 creverat,
974 1925 1015 1956 ut
1036 1917 1200 1956 omnino
1221 1919 1322 1956 vado
1349 1930 1429 1955 non
1456 1930 1571 1968 posse

241 1982 390 2021 transiri
412 1982 615 2021 videretur.

167 2040 220 2085 56
295 2047 451 2096 Quibus
478 2047 594 2085 rebus
626 2047 791 2097 cognitis
823 2048 967 2086 Caesar
996 2048 1272 2085 maturandum
1303 2047 1376 2085 sibi
1406 2046 1566 2093 censuit,

240 2112 270 2149 si
305 2119 406 2150 esset
444 2111 483 2149 in
522 2112 771 2162 perficiendis
810 2111 997 2161 pontibus
1036 2111 1349 2161 periclitandum,
1390 2118 1432 2149 ut
1465 2110 1570 2160 prius
1591 2128 1630 2159 30

205 2189 218 2210 2
241 2190 358 2226 quam
389 2184 518 2215 essent
548 2177 713 2215 maiores
744 2189 791 2214 eo
816 2183 976 2214 coactae
1010 2175 1147 2226 copiae
1178 2175 1390 2214 dimicaret.
1452 2176 1566 2222 Nam,

287 2280 326 2308 16
344 2283 420 2319 post
436 2279 630 2318 negotiandi
654 2278 729 2310 add.
755 2284 809 2309 aut
828 2279 958 2309 itineris
976 2280 998 2311 B
1134 2288 1172 2317 19
1198 2289 1240 2308 ne
1258 2279 1310 2309 cui
1327 2277 1408 2313 AB:
1439 2288 1481 2308 ne
1501 2287 1568 2316 quo

240 2320 343 2352 MB':
369 2333 411 2352 ne
428 2324 507 2361 quoi
527 2321 724 2361 Oudendoaep
819 2331 858 2360 25
884 2333 926 2352 ex
944 2322 1118 2361 provincia
1135 2321 1308 2361 expellere
1326 2333 1345 2351 α
1361 2332 1368 2351 t
1393 2320 1567 2360 provincia

240 2364 421 2395 excludere
437 2367 481 2398 B:
506 2371 562 2395 aut
581 2390 587 2396 .
607 2389 614 2396 .
635 2389 640 2395 .
663 2364 837 2404 expellere
855 2364 912 2396 del.
934 2364 1051 2395 Morus
