1706 2729
450 157 522 193 DE
555 156 733 193 BELLO
764 155 1009 192 GALLICO
1042 156 1142 192 LIB.
1179 156 1217 192 II

167 272 404 316 posuerunt;
428 278 528 314 quae
548 271 680 311 castra,
698 272 738 302 ut
761 266 869 301 fumo
890 273 1006 314 atque
1020 264 1173 314 ignibus
1191 265 1492 314 significabatur,

166 329 331 380 amplius
353 328 508 367 milibus
529 342 712 379 passuum
734 336 824 366 octo
846 328 883 366 in
905 328 1150 367 latitudinem
1172 330 1368 379 patebant.

221 396 363 433 Caesar
416 393 541 444 primo
589 401 627 432 et
682 400 839 443 propter
895 392 1187 431 multitudinem
1236 394 1407 432 hostium
1457 403 1493 432 et
1519 398 1542 435 8

165 467 321 510 propter
368 458 547 497 eximiam
591 457 819 508 opinionem
860 457 1009 496 virtutis
1054 457 1202 508 proelio
1241 460 1493 508 supersedero

127 535 144 565 5
166 524 320 572 statuit3
350 522 494 562 cotidie
523 530 654 561 tamen
686 522 930 573 equestribus
960 523 1116 573 proeliis
1147 522 1243 573 quid
1273 517 1396 561 hostis
1427 524 1496 561 vir-

165 596 246 626 tute
284 595 415 638 posset
450 595 487 626 et
521 587 617 637 quid
655 587 775 626 nostri
814 588 1002 625 auderent
1042 587 1340 637 periclitabatur.
1414 589 1497 627 Ubi
1522 605 1535 624 2

163 661 315 691 nostros
350 666 428 690 non
470 666 554 691 esse
592 652 791 691 inferiores
825 652 1023 699 intellexit,
1056 654 1144 690 loco
1183 666 1253 702 pro
1283 652 1416 690 castris
1448 654 1497 690 ad

162 717 286 756 aciem
317 717 583 756 instruendam
623 725 759 756 natura
797 725 1020 767 opportuno
1050 724 1167 767 atque
1197 717 1353 765 idoneo,
1389 719 1497 767 quod

164 783 194 820 is
215 782 323 821 collis
350 782 418 821 ubi
447 790 570 821 castra
597 782 724 833 posita
750 790 857 821 erant
882 784 1083 833 paululum
1109 796 1155 821 ex
1179 782 1339 833 planitie
1371 782 1498 821 editus

107 859 146 881 10
164 855 316 886 tantum
337 849 521 887 adversus
546 848 585 886 in
613 848 859 887 latitudinem
887 849 1045 898 patebat
1070 855 1260 897 quantum
1292 847 1366 885 loci
1397 847 1499 886 acies

163 912 349 951 instructa
378 926 570 963 occupare
604 920 765 963 poterat,
799 921 917 962 atque
948 926 994 951 ex
1034 920 1197 962 utraque
1230 919 1336 962 parte
1373 911 1500 949 lateris

163 977 337 1016 deiectus
367 978 537 1016 habebat
576 986 613 1016 et
643 978 681 1015 in
712 979 879 1016 frontem
911 977 1047 1016 leniter
1077 977 1275 1027 fastigatus
1312 976 1498 1026 paulatim

162 1043 211 1081 ad
241 1041 441 1092 planitiem
472 1042 634 1089 redibat,
665 1044 715 1081 ab
751 1051 916 1093 utroque
956 1045 1074 1081 latere
1116 1042 1197 1081 eius
1240 1042 1349 1080 collis
1382 1050 1499 1080 trans-
1521 1056 1538 1085 J,

162 1120 311 1145 versam
341 1109 485 1145 fossam
516 1107 679 1145 obduxit
707 1107 857 1146 circiter
888 1121 1073 1158 passuum
1106 1107 1496 1158 quadringentorum,

106 1184 141 1215 15
163 1180 199 1210 et
229 1173 278 1210 ad
309 1179 498 1210 extremas
533 1173 654 1210 fossas
694 1174 849 1211 castella
891 1172 1091 1211 constituit
1125 1172 1256 1221 ibique
1305 1180 1497 1210 tormenta
1518 1194 1537 1223 4

162 1236 366 1275 collocavit
388 1251 448 1283 ne,
478 1250 566 1275 cum
593 1237 716 1275 aciem
751 1237 1002 1283 instruxisset,
1037 1239 1180 1284 hostes,
1210 1238 1318 1286 quod
1346 1244 1496 1275 tantum

163 1301 412 1340 multitudine
442 1309 632 1351 poterant,
666 1303 715 1341 ab
752 1302 934 1340 lateribus
966 1310 1183 1352 pugnantes
1216 1315 1307 1340 suos
1339 1301 1498 1340 circum-

162 1365 290 1404 venire
311 1374 479 1415 possent.
543 1367 635 1404 Hoc
653 1368 766 1413 facto,
787 1367 939 1405 duabus
964 1366 1181 1416 legionibus
1205 1380 1301 1416 quas
1324 1365 1497 1416 proxime
1518 1385 1534 1415 5

161 1431 441 1482 conscripserat
476 1419 675 1470 incastris
705 1431 846 1470 relictis
880 1439 932 1478 ut,
963 1431 991 1469 si
1025 1445 1104 1481 quo
1137 1445 1235 1481 opus
1271 1440 1382 1477 esset,
1412 1431 1499 1469 sub-

103 1510 141 1532 20
161 1495 260 1534 sidio
290 1496 381 1535 duci
409 1505 579 1547 possent,
611 1496 776 1546 reliquas
806 1509 871 1534 sex
898 1496 1070 1545 legiones
1099 1509 1168 1546 pro
1196 1495 1328 1534 castris
1354 1495 1391 1533 in
1416 1496 1498 1534 acie

161 1561 370 1599 constituit.
451 1563 598 1600 Hostes
638 1561 729 1600 item
770 1574 857 1599 suas
897 1561 1029 1611 copias
1071 1575 1115 1599 ex
1165 1561 1296 1599 castris
1337 1561 1496 1599 eductas

160 1625 426 1664 instruxerant.

215 1693 329 1729 Palus
370 1701 449 1731 erat
490 1707 568 1731 non
619 1707 758 1743 magna
802 1692 900 1730 inter
941 1698 1115 1729 nostrum
1167 1698 1284 1740 atque
1323 1689 1493 1728 bostium
1516 1697 1543 1734 9

160 1756 380 1795 exercitum.
444 1759 561 1795 Hanc
585 1757 614 1795 si
644 1757 763 1795 nostri
799 1755 1004 1794 transirent
1038 1756 1170 1793 hostes
1193 1755 1496 1804 exspectabant,

102 1835 138 1865 25
160 1821 279 1858 nostri
315 1830 457 1868 autem,
494 1822 523 1859 si
555 1823 604 1860 ab
639 1822 712 1860 illis
748 1821 900 1859 initium
941 1818 1165 1857 transeundi
1204 1820 1321 1865 fieret,
1356 1825 1397 1856 ut
1429 1818 1496 1856 im-

160 1885 313 1935 peditos
360 1888 659 1936 aggrederentur
715 1887 835 1937 parati
886 1885 924 1923 in
977 1884 1092 1922 armis
1136 1891 1252 1922 erant.
1334 1883 1493 1921 Interim
1517 1902 1532 1922 2

158 1950 307 2000 proelio
329 1951 495 2000 equestri
518 1951 616 1989 inter
637 1952 733 1989 duas
755 1951 857 1989 acies
880 1950 1201 1989 contendebatur.
1267 1947 1347 1987 Ubi
1369 1947 1494 1986 neutri

159 2015 384 2054 transeundi
412 2015 564 2053 initium
592 2016 749 2063 faciunt,
773 2016 1004 2055 secundiore
1035 2014 1208 2064 equitum
1240 2011 1388 2063 proelio
1409 2025 1495 2050 nos-

159 2079 235 2126 tris,
259 2081 402 2119 Caesar
426 2093 516 2118 suos
546 2080 585 2118 in
616 2088 739 2119 castra
763 2080 924 2120 reduxit.
988 2082 1136 2118 Hostes
1165 2077 1341 2128 protinus
1372 2089 1418 2114 ex
1447 2089 1495 2115 eo
1516 2090 1533 2120 3

101 2159 140 2189 30
159 2146 246 2182 loco
266 2145 317 2182 ad
337 2145 484 2182 flumen
500 2146 681 2183 Axonam
703 2147 1002 2192 contenderunt,
1020 2146 1127 2195 quod
1147 2157 1230 2183 esse
1254 2150 1342 2193 post
1364 2148 1493 2179 nostra

158 2217 281 2248 castra
301 2210 611 2248 demonstratum
633 2218 699 2249 est.
762 2211 821 2249 Ibi
839 2211 947 2250 vadis
968 2211 1138 2261 repertis,
1164 2219 1312 2261 partem
1336 2219 1490 2245 suarum
1512 2220 1531 2250 4

159 2274 358 2324 copiarum
392 2275 594 2313 traducere
625 2275 754 2313 conati
786 2283 886 2322 sunt,
916 2288 963 2313 eo
994 2275 1158 2313 consilio
1181 2284 1232 2322 ut,
1259 2275 1287 2313 si
1319 2280 1490 2324 possent,

207 2388 243 2407 12
269 2378 300 2407 in
319 2377 462 2407 frontem
480 2388 499 2407 α
515 2388 521 2406 :
547 2376 660 2407 fronte
674 2379 696 2411 β
807 2378 981 2415 fastigatus
999 2377 1112 2409 Aldus
1127 2389 1132 2407 ι
1160 2378 1341 2417 castigatus
1361 2383 1485 2409 castra—

160 2427 213 2451 tus
230 2432 269 2450 a:
296 2420 480 2458 castigatus
498 2422 520 2454 β
