1768 2739
671 149 714 186 C.
750 149 866 187 IVLI
897 149 1166 187 CAESARIS

215 272 233 301 8
253 260 401 299 iniuriis
433 260 663 300 satisfacere.
730 263 918 311 Percepta
949 260 1125 299 oratione
1157 274 1304 307 eorum,
1338 262 1481 300 Caesar
1514 262 1581 299 ob-

252 326 356 364 sides
386 324 551 376 imperat
585 338 733 376 eosque
763 327 814 365 ad
849 334 994 364 certam
1025 326 1130 364 diem
1159 325 1305 364 adduci
1336 325 1469 373 iubet3
1508 325 1580 364 nisi

251 390 305 429 ita
334 391 506 438 fecerint,
530 405 614 430 sese
643 392 747 430 bello
774 391 970 430 civitatem
1002 398 1297 441 persecuturum
1325 391 1577 429 demonstrat.

213 467 232 498 9
253 455 320 493 Eis
340 457 392 494 ad
413 455 519 494 diem
538 455 731 502 adductis,
755 463 797 494 ut
818 455 1085 505 imperaverat,
1101 455 1266 494 arbitros
1287 455 1386 494 inter
1407 454 1581 493 civitates

250 521 318 558 dat
339 519 407 570 qui
427 519 534 558 litem
554 519 764 558 aestiment
785 533 1036 570 poenamque
1057 519 1307 559 constituant.
1602 534 1618 564 5

207 601 231 627 2
306 585 383 624 His
404 584 593 624 confectis
609 585 725 624 rebus
747 584 1087 635 conventibusque
1108 585 1284 635 peractis,
1304 585 1341 623 in
1363 584 1581 623 citeriorem

251 650 419 689 Galliam
459 651 660 689 revertitur
692 658 811 700 atque
844 650 937 689 inde
975 652 1026 689 ad
1065 650 1275 689 exercitum
1312 650 1578 700 proficiscitur.

214 734 228 754 2
251 716 312 754 Eo
339 729 430 754 cum
455 715 635 762 venisset,
658 714 827 753 circuitis
854 714 1038 753 omnibus
1066 714 1249 762 hibernis,
1276 715 1458 765 singulari
1487 714 1582 753 mili-

249 786 333 818 tum
363 780 495 819 studio
526 779 565 818 in
599 793 753 818 summa
786 779 965 818 omnium
997 793 1124 818 rerum
1159 779 1292 829 inopia
1327 779 1476 818 circiter
1506 793 1580 817 ses-

248 852 384 884 centas
413 845 497 884 eius
526 844 679 895 generis
717 844 827 884 cuius
867 858 982 895 supra
1012 844 1370 884 demonstravimus
1402 844 1510 883 navis
1543 852 1581 883 et
1604 857 1640 878 10

248 910 386 960 longas
406 922 541 948 xxviu
564 910 713 948 invenit
732 910 939 948 instructas
960 924 1089 960 neque
1107 911 1273 948 multum
1303 909 1441 948 abesse
1461 909 1511 947 ab
1532 923 1580 947 eo

212 991 230 1022 3
249 974 344 1024 quin
376 974 511 1025 paucis
545 975 685 1013 diebus
715 974 859 1013 deduci
890 974 1051 1024 possint.
1113 973 1357 1014 Collaudatis
1392 973 1580 1012 militibus

247 1046 367 1089 atque
395 1039 449 1077 eis
475 1039 541 1089 qui
572 1039 730 1090 negotio
760 1041 1018 1089 praefuerant,
1051 1038 1147 1088 quid
1178 1038 1259 1077 fieri
1291 1038 1383 1077 velit
1409 1038 1580 1076 ostendit

247 1111 366 1154 atque
405 1103 534 1142 omnis
572 1105 623 1142 ad
662 1111 818 1153 portum
856 1104 975 1142 Itium
1015 1103 1225 1142 convenire
1266 1102 1385 1150 iubet,
1416 1116 1496 1152 quo
1534 1117 1581 1140 ex

249 1176 363 1219 portu
394 1168 762 1208 commodissimum
797 1168 836 1207 in
869 1168 1111 1207 Britanniam
1142 1167 1346 1206 traiectum
1380 1181 1464 1206 esse
1495 1180 1580 1216 cog·
1603 1180 1639 1212 15

249 1241 420 1280 noverat,
444 1232 594 1271 circiter
618 1232 769 1271 milium
797 1246 983 1283 passuum
1012 1244 1101 1270 xxx
1126 1232 1396 1271 transmissum
1417 1245 1440 1269 a
1461 1231 1580 1270 conti-

250 1297 367 1336 nenti.
430 1297 538 1336 Huic
558 1297 610 1336 rei
632 1299 741 1347 quod
762 1297 852 1335 satis
877 1311 963 1336 esse
982 1296 1108 1335 visum
1130 1303 1188 1335 est
1209 1296 1375 1335 militum
1401 1295 1555 1345 reliquit
1573 1310 1579 1333 :

211 1379 229 1407 4
250 1363 332 1413 ipse
356 1377 445 1401 cum
468 1363 687 1413 legionibus
715 1362 905 1412 expeditis
931 1374 994 1400 1111
1021 1369 1059 1400 et
1079 1361 1277 1412 equitibus
1302 1372 1406 1399 DCCC
1431 1360 1469 1398 in
1491 1360 1579 1398 finis

249 1430 507 1466 Treverorum
535 1428 802 1477 proficiscitur,
827 1428 935 1477 quod
959 1426 999 1464 hi
1026 1440 1155 1476 neque
1181 1427 1232 1464 ad
1260 1425 1426 1464 concilia
1453 1425 1580 1464 venie-

250 1494 343 1532 bant
371 1507 499 1543 neque
525 1492 688 1543 imperio
717 1493 906 1543 parebant
934 1494 1234 1542 Germanosque
1254 1491 1578 1530 Transrhenanos
1601 1504 1640 1526 20

249 1557 455 1596 sollicitare
476 1557 717 1596 dicebantur.

206 1630 231 1667 3
306 1626 419 1662 Haec
440 1622 573 1661 civitas
595 1625 711 1673 longe
732 1622 943 1672 plurimum
969 1622 1088 1661 totius
1110 1621 1261 1661 Galliae
1282 1620 1457 1671 equitatu
1477 1621 1579 1659 valet

250 1701 489 1738 magnasque
528 1688 647 1726 habet
685 1687 819 1738 copias
853 1686 1031 1737 peditum
1064 1687 1343 1736 Rhenumque,
1383 1693 1426 1724 ut
1465 1698 1580 1735 supra

214 1771 228 1792 2
249 1752 615 1799 demonstravimus,
638 1752 770 1802 tangit.
837 1754 884 1790 In
915 1765 961 1790 ea
989 1751 1145 1790 civitate
1172 1752 1253 1790 duo
1279 1752 1329 1789 de
1359 1749 1578 1800 principatu

213 1830 230 1860 3
249 1818 348 1857 inter
368 1832 409 1857 se
430 1817 736 1863 contendebant,
754 1816 1048 1855 Indutiomarus
1070 1823 1107 1855 et
1124 1814 1351 1866 Cingetorix
1366 1829 1375 1862 3
1398 1828 1419 1853 e
1436 1813 1579 1864 quibus
1601 1829 1638 1860 25

248 1885 354 1930 alter,
391 1883 506 1921 simul
537 1890 655 1932 atque
687 1883 736 1920 de
769 1881 946 1921 Caesaris
978 1880 1258 1932 legionumque
1289 1881 1461 1918 adventu
1494 1891 1580 1927 cog-

250 1948 376 1986 nitum
397 1955 465 1994 est,
483 1948 533 1986 ad
555 1960 645 1985 eum
666 1946 782 1993 venit,
803 1960 844 1985 se
865 1959 1037 1996 suosque
1058 1944 1186 1984 omnis
1215 1944 1254 1982 in
1280 1943 1410 1983 officio
1430 1944 1579 1981 futuros

249 2027 378 2063 neque
411 2013 461 2051 ab
495 2011 666 2050 amicitia
698 2011 833 2061 populi
865 2010 1037 2050 Romani
1069 2011 1290 2049 defecturos
1322 2007 1576 2053 confirmavit,

210 2092 229 2122 4
249 2091 429 2129 quaeque
453 2077 492 2114 in
513 2075 691 2115 Treveris
715 2083 938 2126 gererentur
962 2075 1144 2115 ostendit.
1203 2076 1256 2112 At
1285 2072 1578 2112 Indutiomarus

248 2142 465 2193 equitatum
492 2141 791 2192 peditatumque
821 2155 970 2192 cogere,
998 2141 1133 2191 eisque
1154 2139 1221 2189 qui
1248 2152 1316 2188 per
1343 2144 1510 2176 aetatem
1538 2136 1576 2173 in
1600 2153 1638 2183 50

248 2207 363 2245 armis
389 2220 472 2245 esse
503 2220 583 2245 non
608 2215 788 2258 poterant
812 2207 851 2244 in
873 2206 1009 2244 silvam
1027 2206 1284 2244 Arduennam
1305 2201 1458 2247 abditis,
1477 2214 1578 2250 quae

249 2270 394 2320 ingenti
420 2272 689 2323 magnitudine
713 2286 781 2322 per
806 2270 958 2310 medios
986 2269 1073 2308 finis
1094 2271 1352 2307 Treverorum
1373 2280 1396 2304 a
1416 2263 1578 2303 flumine

251 2336 394 2374 Rheno
424 2339 474 2375 ad
499 2337 652 2376 initium
680 2339 896 2375 Remorum
927 2334 1105 2385 pertinet,
1133 2334 1279 2371 bellum
1310 2343 1443 2381 parare
1473 2327 1577 2366 insti-

213 2410 229 2441 5
250 2401 332 2439 tuit.
383 2403 460 2441 Sed
482 2410 618 2452 postea
639 2415 757 2452 quam
782 2415 862 2439 non
890 2399 985 2439 nulli
1010 2397 1204 2450 principes
1228 2411 1275 2436 ex
1298 2409 1344 2434 ea
1363 2393 1518 2433 civitate
1538 2400 1576 2431 et
