1768 2739
448 126 522 162 DE
554 123 734 161 BELLO
765 121 1010 160 GALLICO
1042 121 1143 158 LIB.
1176 121 1233 156 VI

181 234 391 274 iudicaret:
434 233 530 272 nihil
561 246 602 271 se
640 233 690 270 de
727 232 832 270 bello
870 230 1109 280 cogitavisse,
1146 231 1252 268 nulla
1285 229 1503 279 Ambiorigi

180 298 321 338 auxilia
342 297 500 337 misisse.
556 298 710 342 Caesar,
725 296 923 345 explorata
943 308 982 332 re
1003 294 1232 344 quaestione
1248 294 1501 344 captivorum,
1528 310 1542 330 2

181 363 212 402 si
233 363 299 413 qui
318 364 369 402 ad
390 375 456 401 eos
479 362 684 399 Eburones
705 373 751 398 ex
772 361 861 408 fuga
881 359 1166 405 convenissent,
1190 360 1241 397 ad
1265 372 1306 397 se
1333 366 1374 397 ut
1395 359 1505 397 redu-

180 436 357 467 cerentur
386 425 610 477 imperavit:
640 425 671 463 si
700 424 753 463 ita
781 424 973 471 fecissent,
997 423 1084 461 finis
1114 437 1249 462 eorum
1279 438 1321 462 se
1347 423 1506 462 violatu-

143 504 159 535 5
181 506 265 531 rum
286 491 448 542 negavit.
507 492 622 537 Tum,
645 489 768 540 copiis
792 489 831 527 in
859 488 924 526 tris
951 488 1068 538 partis
1096 488 1321 535 distributis,
1345 487 1506 538 impedi·
1529 499 1546 528 3

181 564 312 596 menta
340 555 517 595 omnium
546 554 745 605 legionum
766 555 1016 592 Aduatucam
1046 552 1220 591 contulit.
1282 554 1331 591 Id
1360 553 1506 591 castelli
1527 562 1546 591 4

180 635 325 660 nomen
346 628 413 659 est.
474 622 566 658 Hoc
590 620 669 658 fere
696 626 753 658 est
779 618 819 656 in
846 617 985 657 mediis
1008 618 1240 656 Eburonum
1263 617 1416 664 finibus,
1440 617 1507 655 ubi

179 685 351 723 Titurius
389 691 506 734 atque
541 683 829 722 Aurunculeius
859 681 1059 721 hiemandi
1090 695 1207 720 causa
1237 683 1506 721 consederant.

182 751 303 787 Hunc
327 762 417 787 cum
444 747 600 798 reliquis
625 749 740 786 rebus
761 749 891 786 locum
917 747 1108 797 probarat,
1133 754 1216 785 tum
1238 747 1345 796 quod
1367 746 1509 796 superi·
1530 764 1547 795 5

125 825 162 847 10
180 813 256 852 oris
276 813 368 852 anni
390 812 627 851 munitiones
648 812 819 863 integrae
841 812 1063 858 manebant,
1083 819 1125 849 ut
1146 810 1313 849 militum
1334 811 1508 849 laborem

181 878 408 917 sublevaret.
460 877 659 916 Praesidio
680 876 971 928 impedimentis
993 875 1187 926 legionem
1209 882 1385 925 quartam
1408 875 1509 913 deci-
1529 884 1548 914 6

182 956 285 981 mam
307 942 470 992 reliquit,
494 956 612 980 unam
641 956 686 981 ex
713 942 767 980 eis
796 942 918 980 tribus
945 954 1043 991 quas
1073 940 1248 991 proxime
1269 939 1510 990 conscriptas

181 1022 227 1045 ex
249 1007 362 1045 Italia
382 1008 610 1046 traduxerat.
667 1006 713 1044 Ei
735 1006 877 1056 legioni
895 1005 1108 1055 castrisque
1126 1006 1174 1054 Q.
1191 1004 1366 1043 Tullium
1384 1003 1511 1044 Cicer·
1533 1020 1548 1050 7

182 1085 299 1110 onem
321 1071 502 1121 praeficit,
526 1072 798 1120 ducentosque
818 1070 968 1120 equites
988 1069 1173 1108 attribuit.

126 1148 162 1181 15
238 1136 383 1175 Partito
414 1136 592 1183 exercitu,
617 1138 661 1173 T.
691 1135 909 1173 Labienum
939 1148 1029 1172 cum
1059 1133 1279 1184 legionibus
1309 1133 1430 1172 tribus
1460 1133 1511 1171 ad
1532 1138 1582 1175 33

183 1202 387 1239 Oceanum
419 1214 550 1239 versus
584 1199 625 1237 in
664 1213 728 1238 eas
768 1199 885 1249 partis
925 1212 1026 1249 quae
1066 1198 1276 1248 Menapios
1314 1198 1511 1248 attingunt

181 1264 373 1315 proficisci
394 1264 502 1303 iubet
523 1279 533 1311 ,-
572 1265 615 1304 C.
640 1263 882 1302 Trebonium
904 1276 994 1301 cum
1023 1262 1104 1312 pari
1125 1262 1324 1312 legionum
1345 1276 1509 1301 numero
1535 1275 1549 1297 2

178 1331 229 1368 ad
264 1343 350 1368 eam
380 1328 578 1380 regionem
610 1342 711 1378 quae
744 1329 794 1367 ad
827 1329 1057 1366 Aduatucos
1087 1326 1241 1366 adiacet
1270 1328 1511 1377 depopulan-

179 1395 270 1432 dam
302 1393 442 1442 mittit3
480 1393 563 1444 ipse
593 1407 683 1431 cum
714 1392 870 1442 reliquis
902 1392 1023 1430 tribus
1053 1393 1103 1431 ad
1133 1393 1280 1430 flumen
1315 1393 1508 1439 Scaldem,
1535 1405 1552 1434 3

124 1473 161 1494 20
180 1460 287 1509 quod
317 1458 444 1497 influit
472 1458 512 1496 in
544 1460 711 1505 Mosam,
744 1466 1013 1507 extremasque
1043 1458 1282 1495 Arduennae
1311 1457 1428 1507 partis
1458 1456 1512 1496 ire

180 1523 391 1570 constituit,
416 1536 495 1573 quo
516 1536 606 1561 cum
628 1522 761 1572 paucis
783 1522 979 1572 equitibus
1001 1523 1220 1571 profectum
1240 1521 1510 1572 Ambiorigem

179 1588 374 1626 audiebat.
435 1586 655 1625 Discedens
676 1594 764 1636 post
787 1586 893 1624 diem
919 1586 1129 1636 septimum
1158 1599 1243 1624 sese
1269 1600 1510 1625 reversurum
1534 1603 1553 1632 4

181 1653 412 1699 confirmat3
456 1665 575 1701 quam
613 1652 664 1690 ad
698 1651 804 1690 diem
846 1650 881 1689 ei
919 1650 1063 1700 legioni
1101 1664 1202 1701 quae
1239 1650 1279 1688 in
1318 1650 1512 1700 praesidio

182 1716 471 1766 relinquebatur
509 1715 643 1754 deberi
677 1717 915 1754 frumentum
950 1714 1107 1753 sciebat.
1169 1714 1388 1753 Labienum
1422 1716 1513 1753 Tre·
1535 1732 1551 1762 5

124 1794 161 1826 25
183 1781 425 1832 boniumque
446 1781 630 1827 hortatur,
650 1779 681 1817 si
701 1779 754 1818 rei
776 1778 956 1829 publicae
973 1779 1186 1817 commodo
1203 1780 1329 1817 facere
1350 1778 1510 1829 possint,

181 1847 232 1885 ad
262 1860 352 1885 eum
379 1845 485 1885 diem
512 1853 760 1892 revertantur,
793 1852 835 1883 ut
867 1858 996 1883 rursus
1026 1843 1319 1883 communicato
1349 1844 1513 1882 consilio

182 1911 468 1961 exploratisque
496 1910 669 1949 hostium
692 1909 907 1949 rationibus
931 1909 1038 1948 aliud
1067 1908 1221 1947 initium
1254 1908 1345 1947 belli
1375 1922 1513 1959 capere

182 1983 351 2025 possent.

238 2042 339 2087 Erat,
369 2048 413 2079 ut
442 2053 557 2090 supra
586 2039 951 2087 demonstravimus,
982 2053 1120 2078 manus
1150 2046 1254 2077 certa
1283 2040 1398 2086 nulla,
1432 2053 1511 2078 non
1534 2047 1585 2086 34

124 2119 164 2150 30
182 2105 384 2155 oppidum,
408 2119 489 2144 non
520 2105 757 2155 praesidium
778 2106 886 2155 quod
913 2118 954 2143 se
980 2104 1096 2143 armis
1121 2104 1358 2151 defenderet,
1383 2105 1452 2142 sed
1474 2104 1512 2142 in

182 2170 309 2208 omnis
348 2168 466 2220 partis
504 2169 678 2220 dispersa
716 2169 937 2208 multitudo.
998 2169 1080 2208 Ubi
1119 2169 1261 2219 cuique
1294 2176 1361 2207 aut
1395 2171 1513 2208 valles
1537 2184 1552 2206 2

181 2234 315 2273 abdita
335 2242 401 2273 aut
422 2236 531 2273 locus
553 2234 734 2272 silvestris
761 2242 827 2272 aut
854 2235 964 2284 palus
988 2233 1177 2283 impedita
1204 2247 1314 2284 spem
1347 2233 1514 2284 praesidi

180 2306 248 2338 aut
269 2299 402 2337 salutis
422 2298 594 2349 aliquam
616 2298 814 2345 offerebat,
838 2299 1079 2338 consederat.
1141 2300 1255 2338 Haec
1275 2299 1362 2337 loca
1383 2297 1514 2337 vicini·
1535 2313 1553 2343 3

188 2413 224 2442 19
250 2402 393 2433 Scaldim
418 2403 445 2431 T
531 2403 573 2432 26
598 2411 670 2432 eam
687 2403 710 2436 β
809 2411 851 2440 3ο
877 2400 1082 2440 praesidium
1101 2398 1142 2430 M
1158 2411 1233 2433 corr.
1253 2411 1258 2431 :
1287 2402 1459 2441 praedium
1479 2399 1515 2430 X
