1768 2739
628 153 671 191 C.
707 154 821 190 IVLI
855 153 1122 191 CAESARIS

212 266 337 305 ventis
359 279 437 304 non
460 264 575 303 nullis
596 263 829 311 civitatibus,
845 263 925 302 iure
949 263 1112 302 iurando
1133 263 1232 302 inter
1247 278 1288 303 se
1305 266 1539 305 confirmant

213 330 499 380 obsidibusque
519 331 569 368 de
590 329 757 379 pecunia
777 336 916 367 cavent
931 343 939 376 3
970 328 1238 379 Ambiorigem
1259 329 1332 368 sibi
1354 331 1540 370 societate

175 413 192 444 3
213 404 251 435 et
281 397 439 435 foedere
468 395 696 444 adiungunt.
757 394 913 443 Quibus
943 394 1058 432 rebus
1079 394 1244 444 cognitis
1272 396 1426 443 Caesar,
1449 409 1539 435 curn

208 461 390 511 undique
438 460 584 498 bellum
633 459 757 509 parari
795 459 953 506 videret,
996 458 1171 506 Nervios,
1213 460 1454 508 Aduatucos,
1495 474 1541 500 ac

216 525 425 576 Menapios
464 524 659 563 adiunctis
700 524 952 564 Cisrhenanis
993 524 1177 562 omnibus
1211 525 1417 563 Germanis
1456 532 1578 564 esse5

214 591 253 629 in
281 590 408 638 armis,
433 592 610 629 Senones
644 590 696 627 ad
726 588 959 639 imperatum
995 602 1075 627 non
1106 588 1237 627 venire
1269 597 1306 627 et
1336 603 1426 628 curn
1452 591 1542 629 Car-

214 657 374 695 nutibus
414 654 669 705 finitimisque
711 653 932 692 civitatibus
971 653 1133 692 consilia
1177 655 1480 702 communicare,
1520 668 1543 693 a

215 721 394 760 Treveris
416 722 636 759 Germanos
667 719 812 758 crebris
843 718 1103 769 legationibus
1124 719 1331 767 sollicitari,
1355 720 1542 758 maturius

215 786 288 825 sibi
310 788 359 825 de
381 787 484 824 bello
506 784 759 835 cogitandum
782 783 940 834 putavit.

170 867 194 904 3
272 853 412 900 Itaque
433 851 612 888 nondum
634 848 764 887 hieme
785 850 964 887 confecta
989 847 1173 898 proximis
1196 855 1379 898 quattuor
1399 849 1544 887 coactis
1567 864 1606 886 10

179 933 194 954 2
217 914 449 965 legionibus,
481 915 531 953 de
562 913 775 964 improviso
809 913 849 951 in
880 913 967 951 finis
1000 913 1233 951 Nerviorum
1269 914 1474 953 contendit
1508 922 1546 952 et

218 980 323 1031 prius
344 993 462 1030 quam
484 979 537 1017 illi
567 986 633 1017 aut
660 978 870 1017 convenire
889 985 956 1017 aut
977 980 1181 1028 profugere
1208 986 1379 1029 possent,
1403 992 1547 1030 magno

218 1045 370 1096 pecoris
409 1052 527 1094 atque
565 1044 773 1083 hominum
808 1057 972 1082 numero
1012 1051 1128 1094 capto
1167 1051 1286 1094 atque
1325 1057 1371 1082 ea
1403 1045 1549 1095 praeda

219 1110 408 1148 militibus
439 1122 627 1148 concessa
657 1108 895 1159 vastatisque
924 1108 1035 1159 agris,
1068 1108 1107 1146 in
1143 1108 1388 1148 deditionem
1417 1108 1549 1147 venire

180 1189 197 1220 3
218 1182 337 1224 atque
374 1174 533 1213 obsides
581 1173 654 1212 sibi
702 1174 795 1212 dare
833 1173 970 1224 coegit.
1049 1175 1109 1212 Eo
1155 1173 1330 1212 celeriter
1367 1175 1549 1212 confecto
1571 1189 1607 1219 15

179 1255 198 1284 4
220 1239 390 1289 negotio,
409 1252 537 1277 rursus
559 1238 598 1277 in
619 1238 784 1277 hiberna
804 1237 978 1288 legiones
999 1237 1160 1277 reduxit.
1204 1237 1385 1278 Concilio
1400 1238 1550 1277 Galliae

220 1303 347 1354 primo
389 1317 489 1351 vere,
530 1310 571 1342 ut
620 1303 850 1350 instituerat,
893 1302 1053 1350 indicto,
1095 1317 1185 1342 cum
1224 1303 1362 1353 reliqui
1400 1310 1551 1353 praeter

222 1371 409 1415 Senones,
434 1370 638 1414 Carnutes,
663 1370 933 1418 Treverosque
960 1367 1168 1414 venissent,
1200 1367 1354 1406 initium
1384 1367 1475 1406 belli
1505 1380 1551 1405 ac

222 1432 453 1472 defectionis
475 1434 551 1471 hoc
579 1446 664 1471 esse
691 1432 909 1479 arbitratus,
942 1440 983 1470 ut
1016 1433 1149 1471 onmia
1180 1440 1418 1483 postponere
1448 1432 1552 1471 vide-

183 1513 199 1543 5
223 1506 336 1544 retur,
369 1497 579 1536 concilium
614 1497 810 1535 Lutetiam
843 1497 1076 1535 Parisiorum
1114 1498 1302 1536 transfert.
1362 1498 1551 1536 Confines
1574 1511 1612 1534 20

224 1570 332 1601 erant
372 1562 411 1599 hi
455 1561 678 1600 Senonibus
722 1561 999 1612 civitatemque
1043 1569 1197 1612 patrum
1235 1562 1424 1601 memoria
1461 1575 1552 1600 con-

185 1634 204 1665 6
226 1627 440 1673 iunxerant,
463 1627 532 1665 sed
552 1626 604 1664 ab
624 1627 700 1665 hoc
721 1626 886 1665 consilio
907 1626 1049 1664 afuisse
1071 1626 1401 1665 existimabantur.
1463 1628 1553 1664 Hac

225 1706 265 1730 re
286 1705 355 1741 pro
382 1698 564 1741 suggestu
592 1691 853 1741 pronuntiata,
877 1692 1019 1730 eodem
1051 1691 1115 1730 die
1144 1705 1234 1730 cum
1264 1690 1484 1741 legionibus
1513 1690 1553 1728 in

226 1758 403 1795 Senones
424 1755 691 1806 proficiscitur,
714 1755 945 1806 magnisque
968 1756 1169 1795 itineribus
1191 1770 1238 1795 eo
1258 1755 1443 1806 pervenit.

179 1833 206 1870 4
281 1820 452 1871 Cognito
486 1820 568 1859 eius
602 1821 785 1867 adventu,
824 1823 944 1868 Acco,
980 1821 1046 1872 qui
1082 1821 1261 1872 princeps
1295 1820 1378 1859 eius
1416 1819 1554 1859 consili
1576 1829 1614 1861 25

226 1889 360 1934 fuerat,
396 1885 505 1924 iubet
535 1885 573 1923 in
606 1886 754 1936 oppida
792 1887 1085 1926 multitudinem
1121 1886 1341 1925 convenire.
1401 1887 1556 1925 Conan-

226 1951 341 1999 tibus,
358 1950 464 2001 prius
485 1964 604 2001 quam
625 1950 665 1990 id
687 1951 787 1991 effici
808 1959 951 2003 posset,
967 1953 1105 1991 adesse
1124 1954 1327 1990 Romanos
1344 1951 1553 1989 nuntiatur.

191 2032 205 2051 2
229 2016 461 2056 Necessario
486 2017 679 2056 sententia
709 2017 902 2056 desistunt
930 2019 1157 2067 legatosque
1181 2016 1419 2067 deprecandi
1440 2028 1557 2054 causa

227 2083 278 2119 ad
313 2082 521 2120 Caesarem
554 2082 737 2130 mittunt,
778 2083 925 2120 adeunt
955 2095 1023 2132 per
1057 2083 1230 2128 Aeduos,
1264 2094 1431 2130 quorum
1462 2079 1558 2117 anti-

192 2146 359 2195 3quitus
398 2154 478 2184 erat
516 2146 556 2184 in
597 2148 675 2186 fide
714 2146 858 2185 civitas.
931 2146 1117 2185 Libenter
1156 2147 1300 2185 Caesar
1332 2144 1556 2195 petentibus
1578 2154 1618 2185 30

229 2209 378 2248 Aeduis
399 2211 466 2249 dat
488 2210 642 2249 veniam
668 2210 1041 2260 excusationemque
1062 2210 1215 2260 accipit,
1238 2211 1346 2260 quod
1366 2209 1556 2248 aestivum

231 2281 386 2323 tempus
428 2275 606 2313 instantis
650 2275 755 2322 belli,
800 2288 879 2313 non
926 2275 1166 2325 quaestionis
1211 2288 1296 2313 esse
1340 2274 1554 2312 arbitratur.

194 2349 213 2380 4
233 2338 450 2377 Obsidibus
472 2339 669 2390 imperatis
686 2346 857 2386 centum,
873 2341 944 2378 hos
958 2339 1108 2378 Aeduis
1129 2338 1409 2378 custodiendos
1429 2336 1553 2375 tradit.

761 2452 780 2480 4
805 2452 843 2472 ac
859 2453 901 2472 a:
925 2452 989 2472 om.
1008 2444 1031 2475 β
