1768 2739
408 137 482 173 DE
513 136 692 174 BELLO
722 136 967 174 GALLICO
998 137 1100 174 LIB.
1133 137 1215 174 VII

148 255 185 285 et
219 247 268 285 ab
297 246 500 286 Germanis
532 247 816 297 premebantur,
850 260 951 296 quae
985 247 1056 285 fuit
1090 261 1207 287 causa
1238 262 1356 298 quare
1387 256 1470 286 toto

147 312 329 350 abessent
355 312 459 351 bello
484 319 522 350 et
547 311 692 350 neutris
720 311 862 350 auxilia
888 312 1095 351 mitterent.
1158 315 1306 363 Magno
1334 315 1470 353 dolore
1490 319 1508 348 8

146 376 276 415 Aedui
318 377 445 415 ferunt
488 389 529 415 se
562 376 736 415 deiectos
773 375 1003 427 principatu,
1038 385 1253 427 queruntur
1292 380 1470 416 fortunae

146 440 495 479 commutationem
527 448 565 478 et
595 440 770 480 Caesaris
797 441 1081 491 indulgentiam
1109 441 1148 479 in
1176 455 1217 480 se
1244 442 1471 492 requirunt,-

109 516 126 546 5
147 518 274 554 neque
312 512 443 543 tamen
481 512 663 556 suscepto
702 506 806 544 bello
839 520 954 544 suum
992 506 1200 545 consilium
1231 507 1282 544 ab
1313 506 1469 557 reliquis

145 579 321 616 separare
373 567 529 605 audent.
626 567 744 605 Inviti
806 581 983 606 summae
1035 567 1117 618 spei
1195 569 1468 607 adulescentes
1489 580 1507 610 9

146 631 386 680 Eporedorix
412 639 449 670 et
473 631 742 671 Viridomarus
771 632 1078 684 Vercingetorigi
1104 640 1253 684 parent.

198 695 288 744 Ipse
314 694 477 745 imperat
500 696 656 746 reliquis
686 697 906 736 civitatibus
935 697 1094 736 obsides
1116 697 1338 748 †denique†
1359 697 1394 736 ei
1414 698 1467 736 rei
1486 697 1540 742 64

143 759 343 798 constituit
364 760 493 801 ’tdiem
508 776 517 808 3
556 762 660 802 huc†
685 762 813 800 omnis
840 762 990 812 equites
1017 764 1264 806 x—v,numero
1294 763 1468 801 celeriter

87 836 124 858 10
143 824 350 863 convenire
370 824 500 864 iubet:
531 826 707 875 peditatu
734 840 853 876 quem
876 834 991 865 antea
1011 827 1190 866 habuerit
1215 841 1255 866 se
1275 829 1357 867 fore
1379 841 1468 866 con-
1489 841 1503 861 2

143 895 293 926 tentum
332 889 437 937 dicit,
477 904 606 940 neque
650 892 845 929 fortunam
883 898 1164 940 temptaturum
1202 900 1268 930 aut
1307 891 1346 930 in
1384 892 1467 930 acie

142 952 416 992 dimicaturum
442 955 523 1002 sed,
546 954 731 1004 quoniam
758 956 934 993 abundet
964 955 1150 1005 equitatu,
1172 956 1355 1005 perfacile
1382 970 1467 994 esse

142 1019 245 1056 factu
275 1018 642 1057 frumentationibus
674 1018 1072 1069 pabulationibusque
1105 1022 1308 1058 Romanos
1339 1020 1467 1070 prohi-

141 1082 257 1130 bere3
296 1097 424 1133 aequo
456 1085 576 1122 modo
609 1083 741 1122 animo
779 1097 849 1122 sua
880 1084 952 1134 ipsi
990 1086 1185 1123 frumenta
1215 1092 1466 1135 corrumpant
1487 1092 1504 1121 3

84 1163 121 1195 15
141 1146 398 1197 aedificiaque
418 1146 640 1195 incendant,
664 1161 742 1198 qua
765 1147 819 1186 rei
843 1147 1039 1186 familiaris
1063 1148 1209 1187 iactura
1232 1156 1466 1199 perpetuum

140 1210 347 1261 imperium
376 1211 674 1262 libertatemque
703 1225 744 1250 se
773 1211 962 1262 consequi
991 1212 1159 1251 videant.
1220 1212 1297 1250 His
1326 1212 1467 1251 consti·
1484 1223 1504 1252 4

140 1274 231 1313 tutis
266 1276 391 1323 rebus,
426 1275 575 1315 Aeduis
616 1276 923 1326 Segusiavisqoe,
959 1276 1026 1326 qui
1065 1284 1155 1314 sunt
1193 1276 1348 1314 finitimi
1382 1290 1466 1327 pro-

139 1339 298 1387 vinciae,
328 1341 468 1379 decem
498 1340 604 1378 milia
632 1340 810 1390 peditum
839 1340 1003 1390 imperat
1020 1355 1031 1388 3
1068 1341 1146 1378 huc
1174 1340 1285 1379 addit
1315 1340 1465 1390 equites

139 1404 394 1455 octingentos.
456 1404 532 1443 His
552 1404 727 1455 praeficit
750 1406 904 1442 fratrem
927 1404 1214 1455 Eporedorigis,
1237 1405 1464 1454 bellumque
1485 1415 1501 1445 5

82 1487 121 1509 20
138 1468 268 1508 inferri
288 1469 566 1520 Allobrogibus
595 1469 713 1508 iubet.
774 1471 907 1507 Altera
933 1483 980 1507 ex
1008 1476 1116 1520 parte
1141 1468 1313 1508 Gabalos
1342 1468 1465 1518 proxi·
1483 1473 1503 1505 6

138 1548 304 1584 mosque
324 1547 444 1585 pagos
465 1536 728 1572 Arvernorum
748 1533 788 1572 in
810 1533 986 1580 Helvios,
1010 1533 1103 1572 item
1122 1534 1302 1571 Rutenos
1318 1534 1465 1572 Cadur-

138 1613 285 1650 cosque
322 1600 373 1638 ad
420 1599 507 1637 finis
545 1600 757 1637 Volcarum
795 1597 1119 1637 Arecomicorum
1163 1598 1464 1647 depopulandos

139 1664 265 1703 mittit.
326 1663 461 1702 Nihilo
493 1663 621 1702 minus
655 1662 907 1702 clandestinis
946 1662 1092 1701 nuntiis
1124 1661 1502 1712 legationibusque7

139 1730 371 1779 Allobrogas
398 1727 587 1775 sollicitat,
615 1741 782 1778 quorum
811 1727 953 1766 mentis
983 1728 1161 1766 nondum
1188 1727 1238 1765 ab
1266 1725 1463 1775 superiore

81 1810 118 1841 25
141 1795 244 1833 bello
265 1793 453 1832 resedisse
474 1793 662 1842 sperabat.
717 1794 874 1831 Horum
894 1791 1135 1841 principibus
1155 1789 1351 1841 pecunias,
1375 1790 1464 1829 civi·
1482 1803 1500 1833 8

138 1859 206 1897 tati
226 1866 357 1897 autem
378 1857 584 1907 imperium
605 1856 724 1895 totius
744 1856 967 1907 provinciae
987 1855 1201 1906 pollicetur.

192 1925 256 1962 Ad
287 1925 358 1961 hos
390 1922 517 1961 omnis
549 1936 660 1960 casus
692 1921 845 1972 provisa
876 1928 984 1959 erant
1014 1920 1207 1970 praesidia
1240 1919 1460 1959 cohortium
1480 1916 1533 1962 65

137 1991 302 2028 duarum
348 1996 385 2026 et
430 2000 500 2035 XX,
536 2001 635 2038 quae
684 2001 729 2025 ex
768 1986 851 2037 ipsa
902 1993 1037 2025 coacta
1081 1984 1282 2036 provincia
1325 1985 1374 2022 ab
1415 1986 1457 2022 L.

137 2055 303 2092 Caesare
329 2055 456 2102 legato
482 2053 533 2091 ad
562 2052 688 2091 omnis
718 2051 835 2102 partis
864 2051 1176 2101 opponebantur.
1238 2047 1371 2086 Helvii
1392 2060 1460 2085 sua
1482 2060 1495 2080 2

78 2133 118 2163 30
136 2126 276 2168 sponte
319 2132 409 2157 cum
454 2117 627 2156 finitimis
672 2117 820 2167 proelio
868 2115 1065 2166 congressi
1104 2115 1301 2165 pelluntur
1339 2120 1377 2151 et
1412 2113 1455 2151 C.

135 2183 292 2222 Valerio
325 2186 596 2229 Donnotauro,
630 2182 775 2222 Caburi
814 2181 903 2228 filio,
940 2180 1115 2231 principe
1153 2177 1318 2217 civitatis
1356 2190 1460 2215 com-

179 2288 200 2317 8
225 2287 370 2326 denique
399 2286 452 2317 X:
487 2287 640 2325 diemque
669 2285 908 2316 Hotomamms
1083 2294 1104 2322 9
1129 2283 1217 2314 diem
1246 2292 1315 2314 xvi.
1342 2281 1460 2322 Menge

139 2341 178 2362 10
194 2331 349 2362 habuerit
365 2330 410 2362 T:
429 2330 592 2360 habuerat
608 2329 666 2359 aU
734 2339 770 2367 17
784 2332 858 2368 post
868 2327 1000 2358 finitimi
1015 2326 1091 2358 add.
1107 2327 1136 2357 ei
1152 2327 1211 2357 αἱ]
1277 2327 1318 2356 28
1342 2330 1457 2356 coacta

135 2373 258 2406 0111.B‘
331 2384 369 2413 31
392 2374 614 2405 Donnotauro
628 2372 660 2402 A
669 2377 720 2412 pr.
737 2370 799 2402 B':
820 2372 1014 2402 Donotauro
1027 2370 1099 2400 MA
1114 2369 1243 2401 cornT:
1264 2370 1407 2401 duuuiro
1428 2368 1461 2398 U

1311 2424 1369 2454 12*
