1768 2739
444 120 518 156 DE
549 118 728 156 BELLO
759 118 1005 156 GALLICO
1035 119 1137 156 LIB.
1170 118 1251 155 VII

185 231 304 270 solaci
333 230 616 281 proponebant,
646 229 753 278 quod
780 241 821 266 se
850 241 971 277 prope
998 229 1194 278 explorata
1224 227 1383 267 victoria
1411 230 1508 267 cele-

184 296 273 334 riter
301 295 443 334 amissa
476 293 754 343 reciperaturos
792 293 1056 330 confidebant.
1128 292 1427 333 †Deliberatur†
1457 294 1508 331 de
1529 308 1546 337 3

183 359 349 398 Avarico
377 359 416 396 in
443 357 644 397 communi
670 356 847 404 concilio,
871 356 1030 395 incendi
1058 359 1230 406 placeret
1257 371 1307 395 an
1334 358 1504 396 defendi.

184 424 453 462 Procumbunt
472 422 656 461 omnibus
678 421 800 460 Gallis
820 423 870 459 ad
894 422 1015 471 pedes
1037 421 1240 471 Bituriges,
1263 435 1313 460 ne
1334 423 1507 471 pulcher·
1527 434 1545 463 4

146 505 162 535 5
182 489 319 526 rimam
344 501 465 539 prope
491 487 609 526 totius
638 486 788 525 Galliae
813 487 961 533 urbem,
985 499 1086 536 quae
1112 486 1306 536 praesidio
1333 494 1370 524 et
1400 499 1508 524 orna-

183 562 316 592 mento
354 553 402 591 sit
440 552 595 599 civitati,
636 552 714 591 suis
753 551 934 590 manibus
974 552 1213 589 succendere
1251 558 1506 600 cogerentur:

181 618 293 656 facile
313 631 354 656 se
374 618 450 656 loci
471 626 607 656 natura
628 619 856 656 defensuros
877 617 1023 663 dicunt,
1047 617 1155 666 quod
1176 629 1298 666 prope
1319 630 1365 654 ex
1385 615 1507 654 omni·
1526 633 1544 662 5

180 683 253 721 bus
274 683 447 733 partibus
474 683 636 722 flumine
663 691 701 722 et
727 684 871 733 palude
897 683 1137 720 circumdata
1161 695 1284 720 unum
1306 681 1449 719 habeat
1469 688 1507 719 et

180 755 458 798 perangustum
487 748 648 786 aditum.
710 750 836 786 Datur
864 747 1088 797 petentibus
1107 746 1232 793 venia,
1254 745 1506 784 dissuadente
1525 753 1545 784 6

124 826 163 848 10
181 812 306 862 primo
327 813 654 864 Vercingetorige,
677 820 767 863 post
793 813 1037 851 concedente
1064 819 1102 850 et
1131 810 1312 861 precibus
1333 810 1506 859 ipsorum

181 885 218 916 et
239 878 503 917 misericordia
522 878 636 929 vulgi.
692 879 929 916 Defensores
949 877 1098 926 oppido
1118 874 1503 925 idonei‘deliguntur.

233 943 527 994 Vercingetorix
553 943 768 982 minoribus
797 944 1006 982 Caesarem
1033 940 1235 980 itineribus
1256 939 1507 989 subsequitur
1526 942 1572 979 16

179 1014 217 1045 et
256 1009 386 1046 locum
425 1008 557 1046 castris
592 1007 726 1058 deligit
763 1007 973 1057 paludibus
1008 1006 1191 1055 silvisque
1229 1004 1424 1043 munitum
1455 1004 1505 1042 ab

180 1072 348 1111 Avarico
368 1074 484 1122 longe
508 1072 614 1110 milia
640 1085 826 1123 passuum
846 1073 956 1110 XVI.
1017 1071 1079 1109 Ibi
1100 1084 1168 1120 per
1188 1077 1314 1109 certos
1335 1070 1505 1119 explora·
1527 1082 1542 1103 2

123 1149 160 1181 15
180 1144 282 1176 tores
309 1136 348 1174 in
375 1137 527 1187 singula
550 1137 629 1176 diei
655 1144 833 1186 tempora
859 1150 960 1187 quae
986 1137 1037 1175 ad
1065 1135 1275 1174 Avaricum
1301 1142 1506 1184 agerentur

180 1203 443 1252 cognoscebat
473 1210 511 1241 et
540 1202 636 1252 quid
663 1202 744 1241 fieri
767 1203 884 1241 vellet
907 1201 1134 1252 imperabat.
1185 1199 1326 1239 Omnis
1354 1206 1505 1238 nostras
1526 1212 1544 1242 3

179 1266 452 1316 pabulationes
500 1267 904 1316 frumentationesque
941 1266 1176 1305 observabat
1214 1265 1503 1315 dispersosque,

177 1344 268 1369 curn
293 1331 445 1381 longius
470 1331 690 1370 necessario
716 1331 983 1381 procederent,
1005 1330 1256 1369 adoriebatur
1282 1341 1505 1379 magnoque

177 1394 434 1434 incommodo
486 1395 706 1442 adficiebat,
754 1394 826 1433 etsi
872 1402 1065 1444 quantum
1113 1393 1263 1432 ratione
1310 1392 1504 1443 provideri

120 1473 160 1495 20
178 1467 329 1509 poterat
367 1461 417 1498 ab
461 1460 602 1499 nostris
645 1460 931 1507 occurrebatur,
976 1467 1019 1498 ut
1061 1459 1217 1499 incertis
1260 1458 1504 1508 temporibus

177 1524 417 1574 diversisque
437 1524 639 1563 itineribus
659 1525 786 1564 iretur.

231 1589 377 1628 Castris
403 1590 454 1628 ad
479 1603 565 1628 eam
589 1598 742 1642 partem
763 1589 899 1640 oppidi
926 1589 1062 1640 positis
1090 1590 1244 1636 Caesar,
1269 1601 1370 1639 quae
1390 1588 1503 1628 inter·
1522 1598 1564 1637 17

178 1653 295 1691 missa
322 1667 346 1691 a
375 1654 537 1692 flumine
563 1662 601 1693 et
629 1668 652 1693 a
679 1654 888 1704 paludibus
915 1654 1076 1702 aditum,
1106 1662 1149 1693 ut
1175 1667 1291 1704 supra
1320 1653 1499 1702 diximus,

176 1726 385 1769 angustum
416 1720 598 1766 habebat,
630 1733 809 1770 aggerem
840 1734 1036 1770 apparare,
1073 1720 1205 1759 vineas
1234 1733 1357 1770 agere,
1390 1720 1502 1759 turris

119 1797 156 1828 25
177 1784 275 1822 duas
296 1783 532 1822 constituere
553 1784 682 1834 coepit
701 1800 708 1823 :
737 1798 830 1823 nam
854 1785 1144 1824 circumvallare
1164 1785 1241 1824 loci
1261 1792 1400 1838 natura
1417 1799 1502 1835 pro-

177 1848 348 1886 hibebat.
410 1850 472 1887 De
497 1863 536 1887 re
560 1849 811 1888 frumentaria
832 1850 951 1888 Boios
975 1857 1093 1900 atque
1114 1851 1276 1889 Aeduos
1303 1850 1501 1888 adhortari
1523 1865 1537 1886 2

176 1926 257 1951 non
277 1913 424 1952 destitit
440 1928 450 1961 3
479 1927 645 1963 quorum
666 1914 784 1962 alteri,
809 1916 917 1965 quod
937 1917 1046 1954 nullo
1066 1915 1197 1953 studio
1218 1915 1396 1965 agebant,
1420 1928 1501 1953 non

176 1980 343 2016 multum
381 1978 631 2026 adiuvabant,
660 1979 770 2017 alteri
800 1993 882 2018 non
913 1980 1063 2030 magnis
1097 1979 1357 2026 facultatibus,
1393 1980 1501 2028 quod

175 2043 310 2081 civitas
349 2051 429 2081 erat
468 2044 605 2094 exigua
643 2052 681 2082 et
719 2044 882 2092 infirma,
917 2045 1093 2084 celeriter
1131 2046 1239 2095 quod
1279 2045 1501 2083 habuerunt

117 2120 156 2150 30
175 2117 513 2158 consumpserunt.
585 2111 747 2148 Summa
777 2110 1006 2149 difficultate
1039 2110 1093 2149 rei
1127 2110 1402 2149 frumentariae
1435 2112 1501 2149 ad·
1520 2122 1538 2152 3

175 2175 278 2212 fecto
312 2174 481 2212 exercitu
516 2174 705 2213 tenuitate
744 2175 943 2223 Boiorum,
977 2175 1221 2225 indiligentia
1255 2176 1496 2222 Aeduorum,

175 2238 368 2276 incendiis
389 2239 668 2287 aedificiorum,
692 2253 817 2290 usque
838 2253 885 2279 eo
905 2248 947 2278 ut
967 2240 1178 2290 compluris
1199 2239 1283 2279 dies
1303 2241 1499 2278 frumento

222 2352 233 2371 1
262 2342 352 2380 quod
369 2353 406 2373 se
425 2353 529 2382 prope
547 2354 610 2373 om.
626 2355 645 2372 a
780 2354 798 2373 2
824 2343 1029 2374 deliberatur
1044 2346 1067 2378 β
1083 2355 1089 2373 :
1113 2343 1285 2375 dicebatur
1301 2355 1320 2374 α
1336 2356 1343 2375 t
1368 2345 1497 2385 discep-

174 2388 262 2415 tatur
283 2384 444 2416 Vsellzaber
