1768 2739
120 495 137 526 5

102 824 139 845 10

101 1148 137 1179 10

100 1471 139 1492 20

100 1793 137 1823 25

100 2115 139 2145 30

416 114 490 150 DE
522 112 701 151 BELLO
731 112 976 151 GALLICO
1007 113 1108 150 LIB.
1142 113 1223 150 VII

159 224 397 263 munitiones
418 232 525 262 erant
546 224 819 273 perturbantur
840 222 942 261 Galli
962 239 968 261 :
999 222 1119 261 veniri
1140 224 1190 261 ad
1211 236 1251 261 se
1272 222 1478 260 confestim

159 290 422 328 existimantes
451 289 502 327 ad
531 301 638 326 arma
667 289 943 334 conclamant3
986 300 1066 325 non
1096 287 1192 324 nulli
1221 287 1411 336 perterriti
1441 286 1479 324 in

158 353 349 403 oppidum
369 353 597 402 irrumpunt.
657 350 951 401 Vercingetorix
975 350 1083 389 iubet
1112 358 1242 400 portas
1267 351 1408 397 claudi,
1430 364 1479 389 ne
1502 359 1518 393 7

158 425 281 457 castra
301 419 506 456 nudentur.
546 415 682 455 Multis
699 415 921 463 interfectis,
938 415 1205 465 compluribus
1226 415 1336 465 equis
1358 415 1480 464 captis

158 482 344 522 Germani
368 495 452 520 sese
475 481 676 531 recipiunt.

210 546 513 596 Vercingetorix,
545 546 650 596 prius
671 559 789 596 quam
819 545 1058 584 munitiones
1087 545 1138 583 ab
1160 544 1351 583 Romanis
1373 545 1482 594 perfi-
1500 548 1543 587 71

158 611 319 659 ciantur,
335 611 541 649 consilium
559 611 662 661 capit
683 625 842 650 omnem
859 611 909 649 ab
926 624 967 649 se
984 610 1201 661 equitatum
1218 616 1338 647 noctu
1355 609 1482 647 dimit-

157 683 246 714 tere.
306 675 612 714 Discedentibus
639 677 800 714 mandat
827 683 869 713 ut
895 689 1005 713 suam
1036 674 1202 725 quisque
1232 687 1367 712 eorum
1395 673 1482 711 civi·
1503 693 1518 713 2

157 748 275 779 tatem
291 742 406 779 adeat
426 741 633 790 omnisque
654 741 721 790 qui
741 754 809 790 per
828 748 996 779 aetatem
1016 753 1124 778 arma
1144 741 1240 777 ferre
1261 738 1412 788 possint
1431 739 1482 777 ad

158 805 304 843 bellum
326 812 476 855 cogant.
537 807 614 843 Sua
638 805 677 843 in
703 804 789 843 illos
814 804 951 843 merita
980 803 1163 854 proponit
1188 804 1483 852 obtestaturque
1504 812 1521 841 3

157 877 199 908 ut
220 883 311 908 suae
332 869 464 908 salutis
486 869 676 908 rationem
697 870 879 915 habeant,
895 882 971 907 neu
989 882 1029 907 se
1050 868 1198 918 optime
1215 868 1264 906 de
1281 866 1483 905 communi

158 935 334 973 libertate
361 935 542 974 meritum
572 935 751 973 hostibus
775 935 815 972 in
843 934 1058 973 cruciatum
1086 935 1242 972 dedant.
1303 933 1426 981 Quod
1453 932 1483 969 si

158 999 465 1050 indiligentiores
501 1000 653 1047 fuerint,
687 1000 793 1038 milia
831 999 1037 1038 hominum
1072 1000 1225 1037 delecta
1260 1010 1373 1036 LXXX
1406 1010 1485 1035 una

158 1079 292 1104 secum
313 1065 513 1104 interitura
533 1068 785 1105 demonstrat.
846 1065 1017 1103 Ratione
1046 1064 1141 1102 inita
1168 1064 1303 1114 exigue
1331 1063 1483 1102 dierum
1502 1076 1522 1106 4

124 1148 136 1155 -
158 1144 199 1169 se
219 1131 364 1169 habere
384 1142 473 1168 XXX
494 1131 745 1177 frumentum,
768 1131 837 1169 sed
864 1131 982 1179 paulo
1008 1129 1125 1167 etiarn
1146 1129 1299 1179 longius
1320 1130 1484 1166 tolerare

157 1208 272 1245 posse
293 1195 501 1245 parcendo.
545 1194 621 1232 His
643 1194 742 1233 datis
764 1194 968 1240 mandatis,
987 1207 1064 1243 qua
1085 1201 1260 1232 nostrum
1283 1206 1382 1242 opus
1403 1201 1483 1231 erat
1504 1200 1521 1231 5

156 1259 432 1306 intermissum,
473 1260 647 1297 secunda
685 1259 813 1309 vigilia
857 1258 1011 1296 silentio
1054 1257 1270 1308 equitatum
1309 1257 1479 1295 dimittit.

158 1325 413 1361 Frumentum
438 1337 556 1361 omne
583 1325 633 1361 ad
661 1337 702 1361 se
733 1323 861 1362 referri
890 1323 997 1361 iubet
1013 1338 1022 1370 3
1060 1322 1197 1372 capitis
1227 1335 1396 1372 poenam
1426 1323 1481 1360 eis
1501 1326 1520 1357 6

157 1388 223 1437 qui
244 1401 324 1426 non
345 1388 542 1437 paruerint
562 1388 764 1426 constituit
782 1404 790 1436 3
820 1401 951 1437 pecus,
974 1387 1084 1425 cuius
1106 1400 1246 1437 magna
1267 1395 1347 1425 erat
1368 1387 1481 1437 copia
1503 1402 1518 1436 7

156 1453 206 1490 ab
222 1453 452 1491 Mandubiis
469 1455 683 1503 compulsa,
698 1452 839 1491 viritim
862 1452 1057 1491 distribuit
1072 1467 1082 1499 3
1110 1453 1349 1490 frumentum
1366 1465 1481 1501 parce
1501 1459 1519 1488 8

158 1525 195 1555 et
215 1518 402 1567 paulatim
430 1517 557 1556 metiri
581 1518 770 1564 instituit3
800 1518 932 1567 copias
959 1517 1088 1555 omnis
1112 1530 1208 1566 quas
1236 1530 1306 1566 pro
1333 1516 1482 1566 oppido

159 1583 417 1621 collocaverat
451 1583 490 1620 in
523 1582 714 1632 oppidum
749 1582 894 1631 recipit.
966 1582 1042 1620 His
1081 1581 1297 1620 rationibus
1342 1581 1521 1625 auxilia9

158 1647 308 1685 Galliae
332 1654 554 1696 exspectare
579 1654 616 1684 et
640 1647 786 1684 bellum
812 1654 919 1695 parat
945 1645 1225 1684 administrare.

213 1711 368 1759 Quibus
390 1712 505 1749 rebus
526 1711 691 1761 cognitis
713 1725 759 1749 ex
779 1710 948 1761 perfugis
970 1719 1007 1749 et
1028 1710 1201 1760 captivis,
1226 1711 1370 1749 Caesar
1386 1711 1482 1748 haec
1502 1712 1552 1752 72

158 1788 301 1824 genera
333 1775 562 1813 munitionis
595 1775 770 1814 instituit.
850 1777 1011 1813 Fossam
1044 1776 1192 1824 pedum
1222 1786 1281 1815 XX
1316 1775 1482 1813 derectis

158 1840 342 1878 lateribus
376 1840 496 1887 duxit,
533 1848 574 1878 ut
609 1840 692 1879 eius
730 1842 857 1879 fossae
898 1842 1025 1878 solum
1060 1841 1293 1878 tantundem
1332 1847 1480 1889 pateret

158 1912 348 1953 quantum
378 1918 553 1943 summae
578 1907 704 1943 fossae
732 1906 839 1943 labra
866 1904 1063 1943 distarent.
1140 1904 1328 1953 Reliquas
1353 1904 1481 1941 omnis
1503 1913 1518 1934 2

158 1969 396 2007 munitiones
412 1970 463 2007 ab
483 1983 528 2007 ea
550 1971 653 2008 fossa
673 1983 809 2019 passus
832 1969 1138 2018 quadringentos
1160 1968 1322 2014 reduxit,
1345 1968 1385 2006 id
1406 1969 1482 2006 hoc

158 2033 334 2080 consilio,
370 2034 557 2082 quoniam
592 2042 744 2072 tantum
777 2042 877 2072 esset
913 2034 1131 2072 necessario
1171 2033 1339 2082 spatium
1378 2045 1482 2069 corn-

158 2099 294 2147 plexus
324 2112 397 2136 nec
428 2099 540 2136 facile
575 2107 700 2137 totum
734 2112 832 2148 opus
867 2111 1014 2136 corona
1049 2098 1214 2135 militum
1252 2097 1479 2146 cingeretur,

206 2211 217 2230 1
245 2201 351 2231 veniri
370 2200 457 2231 RH:
484 2201 600 2231 venire
618 2200 697 2230 A'B
810 2202 848 2230 16
873 2211 972 2240 quam
991 2211 1075 2240 opus
1094 2206 1165 2230 erat
1182 2200 1214 2229 Β
1237 2211 1242 2229 :
1268 2199 1345 2238 quia
1363 2209 1484 2239 mopus

158 2250 229 2274 erat
261 2244 317 2273 A:
367 2255 432 2283 qua
458 2249 529 2275 erat
554 2249 707 2274 nostrum
731 2254 818 2283 opus
849 2246 872 2278 β
1006 2255 1046 2274 22
1072 2243 1191 2282 recipit
1222 2245 1265 2277 B:
1307 2243 1432 2282 recepit
1463 2255 1481 2273 α
1517 2243 1520 2246 ’

159 2289 200 2318 26
225 2287 337 2318 fossae
354 2298 419 2318 om.
437 2289 458 2321 β
583 2298 622 2326 27
648 2298 796 2318 summae
816 2287 926 2317 fossae
943 2299 962 2317 α
977 2299 982 2316 ;
1009 2297 1136 2317 summa
1153 2289 1175 2320 β
1298 2287 1338 2316 28
1364 2296 1483 2325 passus

158 2330 360 2361 scrilmzdmn
383 2330 493 2360 docent
516 2331 663 2370 1'p5ar1mz
690 2331 911 2360 munitionum
934 2331 1085 2371 vestzjgia:
1116 2331 1222 2369 pedes
1246 2341 1285 2359 a:
1314 2329 1436 2369 pedib3
1460 2332 1483 2364 β

159 2384 202 2413 3ο
225 2384 312 2413 opus
334 2375 381 2405 T:
406 2384 527 2413 corpus
545 2386 584 2405 a:
611 2385 675 2404 om.
699 2374 730 2403 U
