1768 2739
655 141 697 179 C.
733 141 847 178 IVLI
880 141 1149 179 CAESARIS

238 252 380 291 milites
405 252 597 291 caruerint
628 260 665 291 et
695 265 836 302 pecore
866 266 911 291 ex
942 253 1280 304 longinquioribus
1306 254 1398 293 vicis
1422 257 1564 295 adacto

237 325 450 356 extremam
475 319 619 356 famem
643 325 915 366 sustentarent,
946 320 1052 357 nulla
1082 326 1214 357 tamen
1243 333 1318 358 vox
1347 328 1404 359 est
1433 321 1483 359 ab
1511 321 1565 360 eis

237 383 370 422 audita
409 383 545 434 populi
586 383 757 422 Romani
792 383 995 423 maiestate
1026 392 1063 423 et
1095 384 1360 434 superioribus
1394 386 1564 424 victoriis

197 459 217 489 4
236 447 406 499 indigna.
458 448 566 497 Quin
587 448 705 487 etiam
727 450 871 488 Caesar
891 462 981 487 cum
1002 449 1042 487 in
1063 463 1180 499 opere
1201 449 1372 499 singulas
1391 450 1564 500 legiones

235 515 448 563 appellaret
479 521 527 561 et,
562 513 593 552 si
631 514 809 552 acerbius
842 514 1016 563 inopiam
1047 516 1199 562 ferrent,
1237 528 1278 553 se
1311 514 1564 554 dimissurum

235 578 572 628 oppugnationem
602 578 760 624 diceret,
792 578 961 616 universi
989 579 1040 617 ab
1068 592 1115 617 eo
1147 593 1197 617 ne
1223 579 1263 618 id
1294 581 1436 618 faceret
1460 587 1564 630 pete-

197 657 214 688 5
235 643 353 681 bant:
398 642 453 681 sic
483 656 524 681 se
553 642 764 692 compluris
798 656 923 680 annos
958 643 1024 681 illo
1053 643 1269 693 imperante
1303 644 1490 682 meruisse
1522 653 1563 683 ut

235 708 382 745 nullam
413 707 669 757 ignominiam
693 706 925 757 acciperent,
958 721 1153 757 nusquam
1188 708 1343 758 incepta
1373 723 1412 747 re
1442 709 1564 748 disce-

196 778 214 810 6
234 774 371 810 derent
389 788 396 810 t
427 773 503 810 hoc
524 785 565 810 se
586 771 824 822 ignominiae
853 774 998 810 laturos
1025 774 1125 819 loco,
1148 773 1179 810 si
1199 772 1396 823 inceptam
1417 787 1563 824 oppug-

199 851 214 884 7
233 837 434 875 nationem
456 836 702 887 reliquissent
722 852 729 876 :
772 844 968 888 praestare
989 837 1117 876 omnis
1143 839 1311 888 perferre
1330 838 1561 876 acerbitates

233 915 353 952 quam
383 915 463 940 non
495 901 646 940 civibus
675 902 868 940 Romanis
893 902 960 952 qui
988 902 1139 941 Cenabi
1168 902 1331 952 perfidia
1356 904 1559 941 Gallorum

195 966 454 1006 Sinterissent
504 974 762 1017 parentarent.
836 969 950 1005 Haec
990 969 1128 1006 eadem
1169 967 1463 1006 centurionibus
1501 966 1562 1005 tri-

232 1031 428 1081 bunisque
468 1030 636 1070 militum
676 1032 928 1079 mandabant,
970 1039 1013 1070 ut
1051 1045 1119 1083 per
1157 1045 1224 1071 eos
1262 1033 1314 1071 ad
1353 1034 1561 1072 Caesarem

233 1097 483 1135 deferrentur.

171 1160 214 1197 18
288 1163 391 1201 Cum
431 1162 508 1200 iam
549 1176 661 1202 muro
701 1168 823 1201 turres
870 1162 1264 1213 appropinquassent,
1306 1177 1352 1202 ex
1399 1163 1561 1213 captivis

234 1228 379 1266 Caesar
406 1228 590 1278 cognovit
617 1227 978 1278 Vercingetorigem
1003 1237 1241 1279 consumpto
1266 1230 1413 1279 pabulo
1437 1236 1561 1267 castra

232 1292 400 1331 movisse
430 1293 590 1343 propius
620 1293 842 1341 Avaricum,
874 1301 993 1343 atque
1023 1293 1152 1344 ipsum
1182 1307 1272 1332 cum
1303 1294 1477 1344 equitatu
1502 1308 1562 1333 ex-

231 1356 454 1407 peditisque
493 1357 560 1407 qui
599 1357 699 1396 inter
728 1358 879 1408 equites
910 1358 1089 1408 proeliari
1120 1367 1377 1397 consuessent
1406 1358 1561 1397 insidia-

231 1434 316 1459 rum
337 1435 455 1460 causa
476 1435 523 1460 eo
544 1424 763 1472 profectum
785 1436 865 1472 quo
891 1430 1044 1461 nostros
1065 1430 1223 1473 postero
1244 1423 1308 1462 die
1328 1425 1559 1473 pabulatum

195 1503 209 1523 2
231 1493 414 1524 venturos
443 1486 700 1525 arbitraretur.
761 1487 916 1536 Quibus
944 1487 1059 1525 rebus
1088 1487 1253 1538 cognitis
1284 1487 1414 1526 media
1443 1496 1560 1526 nocte

195 1560 212 1589 3
232 1550 387 1589 silentio
416 1552 615 1601 profectus
649 1553 700 1590 ad
736 1552 910 1590 hostium
939 1559 1065 1590 castra
1094 1565 1210 1590 mane
1237 1552 1423 1602 pervenit.
1498 1552 1560 1590 Illi

231 1616 407 1654 celeriter
441 1629 509 1666 per
541 1618 805 1667 exploratores
835 1618 1008 1656 adventu
1036 1617 1213 1656 Caesaris
1243 1617 1402 1667 cognito
1431 1630 1559 1655 carros

231 1680 595 1730 impedimentaque
626 1694 696 1719 sua
730 1681 770 1719 in
803 1680 963 1720 artiores
995 1681 1109 1719 silvas
1141 1682 1390 1729 abdiderunt,
1426 1682 1559 1732 copias

191 1760 210 1789 4
230 1745 357 1782 omnis
397 1745 436 1783 in
476 1747 564 1784 loco
598 1746 706 1784 edito
739 1754 858 1796 atque
890 1754 1026 1796 aperto
1060 1745 1333 1785 instruxerunt.
1394 1748 1484 1795 Qua
1518 1761 1559 1785 re

1588 855 1623 876 10

1586 1176 1621 1208 ¹5

1581 1502 1621 1522 20

229 1810 407 1849 nuntiata
447 1811 592 1850 Caesar
626 1811 801 1851 celeriter
832 1811 1002 1851 sarcinas
1035 1812 1211 1860 conferri,
1245 1825 1352 1851 arma
1383 1811 1556 1863 expediri
1577 1825 1615 1857 25

229 1884 350 1914 luss1t.

164 1951 210 1988 19
285 1940 407 1979 Collis
429 1947 509 1978 erat
529 1941 667 1979 leniter
692 1942 742 1980 ab
767 1941 904 1980 infimo
931 1942 1097 1980 acclivis.
1163 1943 1286 1980 Hunc
1307 1956 1353 1980 ex
1373 1941 1556 1980 omnibus

230 2006 308 2042 fere
337 2005 512 2055 partibus
542 2007 653 2054 palus
684 2005 850 2044 difficilis
880 2014 999 2055 atque
1031 2006 1220 2056 impedita
1252 2006 1444 2056 cingebat,
1476 2020 1556 2044 non

193 2082 206 2102 2
229 2069 342 2107 latior
383 2070 551 2119 pedibus
599 2070 893 2119 quinquaginta.
973 2072 1066 2108 Hoc
1109 2084 1150 2108 se
1193 2073 1294 2109 colle
1333 2071 1557 2121 interruptis

228 2133 415 2181 pontibus
444 2133 545 2171 Galli
573 2133 717 2172 fiducia
751 2133 826 2172 loci
861 2134 1127 2181 continebant,
1160 2135 1454 2185 generatimque
1482 2135 1557 2174 dis·
1577 2147 1617 2178 30

228 2197 360 2235 tributi
399 2196 438 2235 in
473 2197 647 2236 civitates
687 2198 819 2236 omnia
859 2200 957 2236 vada
992 2212 1037 2236 ac
1073 2200 1243 2239 †saltus†
1281 2199 1362 2237 eius
1402 2199 1555 2249 paludis

271 2300 291 2329 8
316 2300 450 2340 incepta
467 2312 486 2330 α
501 2312 507 2330 :
534 2301 657 2332 infecta
673 2303 696 2335 β
834 2311 872 2332 10
896 2306 1069 2341 praestare
1085 2303 1108 2335 β
1123 2312 1128 2331 ;
1159 2306 1345 2340 praestaret
1361 2313 1381 2331 α
1512 2311 1552 2340 27

229 2342 351 2373 leniter
374 2343 459 2374 codd.
484 2344 665 2375 deteriores:
701 2344 823 2375 leuiter
845 2343 882 2373 X
1012 2354 1049 2383 31
1077 2344 1181 2376 saltus
1198 2343 1252 2374 X:
1287 2344 1450 2376 transitus
1471 2343 1552 2384 Nip-

229 2385 337 2425 werd&
352 2399 357 2417 z
383 2387 518 2418 semitas
535 2387 690 2418 Fleisclier
