1768 2739
392 161 465 197 DE
497 160 674 197 BELLO
706 159 950 197 GALLICO
982 160 1082 196 LIB.
1116 160 1221 196 VIII

144 272 338 311 accideret
367 270 598 325 decursione
629 270 880 307 barbarorum
910 282 955 307 ac
980 268 1177 318 superiore
1200 276 1347 307 aestate
1374 271 1466 307 Ter-

142 336 302 386 gestinis
331 335 536 381 acciderat,
572 334 638 384 qui
677 332 881 383 repentino
920 332 1123 371 latrocinio
1160 340 1277 383 atque
1316 333 1465 383 impetu

142 401 320 442 'rincolae
339 400 520 440 illorum-l⁴
539 405 647 437 erant
670 396 853 447 oppressi.
930 398 1020 446 Ipse
1044 398 1094 435 ad
1118 398 1326 436 vastandos
1348 398 1466 447 depo·
1484 413 1503 442 4

141 465 414 516 pulandosque
430 463 516 500 finis
529 461 765 510 Ambiorigis
781 460 1038 510 proficiscitur
1052 475 1061 508 3
1091 474 1208 510 quem
1222 461 1465 510 perterritum

104 543 120 574 5
141 543 187 568 ac
206 529 419 579 fugientem
435 541 525 565 cum
544 526 665 576 redigi
686 538 801 575 posse
822 525 861 562 in
882 538 992 562 suam
1013 532 1248 574 potestatem
1269 526 1466 575 desperas—

141 602 208 642 set,
232 593 451 644 proximum
480 605 572 629 suae
601 590 799 640 dignitatis
829 603 913 628 esse
943 591 1113 628 ducebat
1139 591 1240 628 adeo
1268 590 1354 628 finis
1382 590 1464 628 eius

139 666 288 697 vastare
308 657 468 703 civibus,
489 656 688 702 aedificiis,
711 668 864 705 pecore,
887 662 929 692 ut
947 655 1045 701 ,odio
1067 668 1226 693 suorum
1246 654 1462 701 Ambiorix,

139 723 171 761 si
204 735 303 772 quos
336 723 490 760 fortuna
520 720 689 770 reliquos
722 720 885 766 fecisset,
921 713 1072 757 n‘ullum
1108 719 1275 758 reditum
1306 727 1464 770 propter

139 794 264 825 tantas
285 787 523 825 calamitates
544 787 704 824 haberet
725 786 763 823 in
786 785 992 823 civitatem.

81 865 120 886 10
193 852 295 890 Cum
322 851 361 889 in
388 852 515 889 omnis
542 851 659 901 partis
687 850 823 888 finium
846 849 1083 898 Ambiorigis
1110 857 1176 888 aut
1203 849 1376 899 legiones
1397 857 1462 888 aut
1483 860 1534 898 25

136 915 277 954 auxilia
305 916 515 955 dimisisset
543 924 660 965 atque
690 914 823 953 onmia
853 914 1050 960 caedibus,
1083 914 1287 961 incendiis,
1319 914 1462 963 rapinis

135 987 332 1026 vastasset,
369 993 511 1029 magno
549 993 712 1018 numero
752 978 959 1017 hominum
997 978 1201 1017 interfecto
1232 985 1299 1016 aut
1333 985 1458 1028 capto,

136 1043 356 1082 Labienum
373 1057 462 1082 cum
479 1044 631 1082 duabus
647 1043 866 1093 legionibus
887 1043 926 1080 in
943 1044 1133 1080 Treveros
1149 1042 1277 1088 mittit,
1294 1055 1458 1091 quorum
1485 1057 1498 1077 2

135 1107 269 1146 civitas
307 1114 464 1157 propter
502 1107 735 1146 Germaniae
774 1107 1013 1145 vicinitatem
1052 1106 1259 1145 cotidianis
1294 1106 1461 1144 exercita

77 1186 114 1218 15
134 1171 246 1210 bellis
277 1173 384 1209 cultu
411 1178 449 1210 et
482 1171 631 1210 feritate
660 1184 740 1210 non
771 1173 937 1208 multum
968 1184 991 1208 a
1021 1170 1226 1209 Germanis
1255 1169 1459 1208 differebat

133 1248 263 1285 neque
283 1235 470 1286 imperata
490 1249 677 1285 umquam
698 1235 771 1273 nisi
793 1235 962 1273 exercitu
984 1242 1119 1273 coacta
1139 1234 1315 1272 faciebat.

193 1300 355 1338 Interim
408 1301 451 1339 C.
505 1299 693 1339 Caninius
747 1301 905 1349 legatus,
958 1313 1048 1337 cum
1102 1312 1282 1348 magnam
1333 1298 1458 1336 multi-
1478 1300 1530 1337 26

132 1364 311 1403 tudinem
359 1364 589 1403 convenisse
637 1364 809 1402 hostium
853 1363 892 1401 in
942 1363 1028 1401 finis
1074 1363 1282 1401 Pictonum
1323 1362 1457 1400 litteris

131 1428 357 1479 nuntiisque
394 1428 531 1467 Durati
570 1435 833 1479 cognosceret,
875 1428 942 1478 qui
981 1435 1170 1478 perpetuo
1210 1427 1249 1465 in
1289 1426 1457 1465 amicitia

74 1508 111 1530 20
131 1500 325 1531 manserat
365 1494 649 1540 Romanorum,
689 1506 779 1531 cum
819 1505 905 1542 pars
944 1493 1139 1542 quaedam
1175 1491 1340 1530 civitatis
1375 1490 1457 1529 eius

131 1558 348 1605 defecisset,
389 1559 439 1597 ad
478 1557 670 1608 oppidum
703 1558 925 1595 Lemonum
957 1556 1171 1595 contendit.
1246 1556 1337 1603 Quo
1367 1568 1457 1593 cum
1482 1572 1495 1591 2

130 1624 357 1661 adventaret
394 1630 513 1672 atque
551 1636 598 1660 ex
636 1621 796 1670 captivis
844 1621 986 1659 certius
1034 1627 1287 1669 cognosceret
1327 1618 1457 1657 multis

131 1687 336 1725 hominum
377 1687 533 1724 milibus
572 1700 595 1724 a
634 1688 854 1732 Dumnaco,
887 1686 988 1723 duce
1029 1684 1216 1731 Andium,
1250 1683 1456 1722 Duratium

131 1753 305 1790 clausum
337 1751 504 1789 Lemoni
533 1750 760 1801 oppugnari,
783 1763 912 1799 neque
942 1749 1112 1787 infirmas
1142 1748 1314 1798 legiones
1342 1747 1457 1785 hosti-

73 1831 108 1862 25
131 1817 203 1854 bus
225 1816 471 1854 committere
491 1817 662 1862 auderet,
687 1822 810 1853 castra
831 1814 962 1864 posuit
983 1815 1071 1852 loco
1093 1813 1255 1851 munito.
1336 1814 1457 1850 Dum·
1480 1823 1496 1851 3

130 1894 260 1927 naeus,
303 1894 393 1918 cum
441 1879 753 1930 appropinquare
807 1878 1018 1918 Caninium
1067 1885 1283 1928 cognosset,
1334 1876 1456 1926 copiis

130 1944 314 1983 omnibus
343 1945 394 1982 ad
427 1944 600 1993 legiones
641 1943 837 1981 conversis
876 1950 1001 1981 castra
1032 1944 1304 1980 Romanorum
1337 1953 1457 1990 oppu-

130 2022 246 2058 gnare
268 2008 442 2045 instituit.
502 2009 605 2046 Cum
626 2007 836 2056 compluris
864 2007 948 2045 dies
978 2006 1017 2044 in
1048 2005 1341 2056 oppugnatione
1367 2016 1457 2040 con-
1476 2014 1493 2043 4

131 2072 358 2122 sumpsisset
390 2079 428 2110 et
466 2084 608 2121 magno
646 2084 805 2108 suorum
844 2070 1080 2109 detrimento
1122 2071 1268 2107 nullam
1307 2074 1455 2117 partem

73 2151 113 2181 30
131 2136 395 2174 munitionum
434 2137 651 2174 convellere
694 2135 896 2184 potuisset,
932 2147 1061 2172 rursus
1100 2135 1151 2171 ad
1191 2131 1455 2171 obsidendum

131 2203 353 2240 Lemonum
382 2200 490 2238 redit.

175 2314 194 2334 2
219 2303 349 2334 incolae
368 2303 492 2342 (incole
504 2302 568 2334 A':
591 2303 701 2333 inolae
718 2303 830 2343 Rpr.)
848 2303 982 2333 illorum
995 2313 1013 2332 α
1029 2313 1034 2332 :
1061 2311 1175 2332 eorum
1193 2302 1216 2335 β
1231 2311 1236 2330 :
1266 2299 1456 2339 Illyriorum

131 2348 264 2387 Frigell:
292 2347 451 2377 Istrorum
470 2345 609 2385 Madvig
767 2356 807 2384 24
834 2346 972 2376 Lemoni
993 2343 1209 2383 Oudendorp:
1240 2342 1398 2372 limonem
1415 2351 1452 2371 a:

132 2391 266 2421 lemonffi
283 2392 306 2425 β
439 2399 477 2427 31
505 2389 662 2419 limonem
681 2401 699 2419 α

177 2454 317 2475 CAESAR.
338 2453 404 2474 ἧς.
1330 2439 1368 2468 14
