1768 2739
666 114 709 153 C.
745 115 860 152 IVLI
893 115 1162 154 CAESARIS

250 224 504 263 Atrebatibus
520 226 587 263 ᾖ
601 240 610 272 ;
654 224 889 265 Veliocassis
915 226 1144 270 †Lex0viis†
1166 233 1203 265 et
1224 226 1400 265 Aulercis
1430 227 1578 266 Eburo-

212 289 401 330 4vicibus
449 297 585 338 terna;
634 290 813 329 Rauricis
857 299 895 329 et
937 291 1044 329 Boiis
1086 291 1204 339 bina;
1250 293 1341 329 ἴδω-ς
1389 291 1578 330 universis

250 353 472 393 civitatibus
507 367 608 404 quae
641 355 847 394 Oceanum
879 355 1075 406 attingunt
1107 368 1289 405 quaeque
1320 368 1456 394 eorum
1488 369 1579 394 con-

249 418 459 457 suetudine
496 419 749 458 Aremoricae
786 421 1043 469 appellantur,
1084 433 1165 469 quo
1200 427 1290 458 sunt
1331 419 1370 458 in
1413 433 1579 458 numero

250 483 517 531 Curiosolites,
548 485 747 531 Redones,
776 484 1008 531 Ambibarii‚
1038 485 1206 531 Caletes,
1237 484 1395 531 Osismi‚
1421 483 1576 531 Veneti,

213 559 229 589 5
249 548 544 596 †Lemovices†,
585 549 750 587 Venelli.
813 551 871 587 Ex
902 549 962 587 his
991 549 1189 588 Bellovaci
1220 562 1334 587 suurn
1370 562 1578 588 numerum

248 627 330 652 non
351 615 660 663 compleverunt,
683 614 792 663 quod
817 626 858 652 se
883 627 954 652 suo
980 614 1141 652 nomine
1168 621 1286 664 atque
1306 614 1466 652 arbitrio
1487 627 1577 652 curn

250 678 443 721 Romanis
488 679 636 717 bellum
689 685 866 727 gesturos
913 678 1110 725 dicebant,
1161 692 1290 728 neque
1345 678 1578 728 cuiusquam

250 742 414 792 imperio
435 743 774 793 obtemperaturos
790 758 799 790 3
829 743 950 793 rogati
972 750 1103 781 tamen
1124 744 1174 781 ab
1196 743 1382 782 Commio
1403 756 1473 793 pro
1495 743 1578 782 eius

250 808 422 857 hospitio
444 812 474 845 ῑῑ
496 822 574 846 una
595 808 793 846 miserunt.

176 868 231 915 76
307 873 438 911 Huius
477 886 595 923 opera
630 873 800 920 Commi,
834 881 876 911 ut
914 880 1030 912 antea
1068 872 1435 920 demonstravimus,
1472 873 1579 912 fideli

249 946 369 987 atque
389 937 474 976 utili
495 937 760 987 superioribus
781 938 894 976 annis
915 945 995 976 erat
1017 951 1110 976 usus
1131 937 1171 975 in
1192 937 1394 976 Britannia
1411 938 1578 985 Caesar3

249 1003 393 1053 quibus
414 1003 478 1041 ille
494 1016 564 1052 pro
586 1003 731 1041 meritis
752 1003 947 1041 civitatem
970 1003 1052 1041 eius
1068 1003 1286 1041 immunem
1303 1016 1388 1041 esse
1404 1002 1576 1049 iusserat,

250 1068 331 1106 iura
368 1070 553 1118 legesque
591 1068 814 1106 reddiderat
852 1076 970 1119 atque
1010 1068 1084 1118 ipsi
1119 1067 1299 1106 Morinos
1337 1068 1574 1106 attribuerat.

214 1144 228 1165 2
249 1135 403 1171 Tamen
442 1140 550 1170 tanta
595 1132 798 1171 universae
842 1132 992 1171 Galliae
1037 1132 1247 1171 consensio
1286 1133 1359 1171 fuit
1390 1132 1578 1171 libertatis

249 1197 511 1236 vindicandae
541 1205 578 1236 et
603 1198 788 1247 pristinae
813 1198 904 1236 belli
927 1198 1054 1237 laudis
1075 1198 1362 1248 reciperandae,
1386 1205 1428 1236 ut
1448 1210 1579 1247 neque

250 1262 451 1301 beneficiis
479 1276 608 1312 neque
634 1263 829 1301 amicitiae
854 1263 1043 1301 memoria
1072 1270 1332 1310 moverentur,
1359 1276 1578 1312 omnesque

213 1334 287 1369 zet
326 1327 460 1365 animo
492 1334 530 1365 et
564 1327 706 1377 opibus
745 1327 785 1365 in
823 1327 864 1366 id
898 1328 1046 1366 bellum
1073 1327 1358 1366 incumberent.
1419 1327 1578 1367 Coactis

250 1391 427 1440 equitum
448 1394 526 1429 ᾗ
546 1399 583 1429 et
604 1391 783 1440 peditum
804 1391 955 1430 circiter
971 1404 1154 1438 ccxxxx,
1170 1393 1268 1430 haec
1288 1391 1328 1429 in
1346 1392 1575 1430 Aeduorum

250 1456 394 1494 finibus
416 1456 719 1494 recensebantur
744 1469 1008 1505 numerusque
1029 1456 1209 1502 inibatur,
1232 1456 1417 1506 praefecti
1438 1456 1579 1494 consti-

211 1531 232 1562 4
251 1521 469 1558 tuebantur.
529 1520 715 1559 Commio
745 1521 933 1567 Atrebati,
966 1520 1215 1559 Viridomaro
1246 1529 1284 1559 et
1320 1521 1578 1570 Eporedorigi

248 1585 410 1632 Aeduis,
441 1585 803 1624 Vercassivellauno
833 1588 1021 1633 Arverno,
1056 1585 1294 1624 consobrino
1328 1585 1579 1635 Vercingeto-

250 1650 349 1699 rigis,
381 1664 535 1688 summa
574 1650 711 1700 imperi
744 1651 915 1690 traditur.
996 1651 1071 1689 His
1103 1651 1246 1689 delecti
1280 1665 1326 1689 ex
1356 1650 1577 1689 civitatibus

249 1714 515 1752 attribuuntur
571 1728 739 1765 quorum
802 1715 966 1753 consilio
1023 1716 1171 1754 bellum
1229 1715 1573 1754 administraretur.

212 1790 227 1819 5
250 1780 400 1817 Omnes
431 1781 577 1817 alacres
602 1788 639 1818 et
661 1780 828 1818 fiduciae
855 1780 961 1830 pleni
984 1782 1035 1819 ad
1062 1780 1235 1819 Alesiam
1262 1780 1574 1830 proficiscuntur,

249 1858 378 1893 neque
403 1852 483 1882 erat
508 1844 687 1882 omnium
719 1845 927 1895 quisquam
955 1845 1022 1895 qui
1053 1853 1257 1895 aspectum
1290 1846 1411 1884 modo
1446 1853 1577 1884 tantae

249 1908 510 1947 multitudinis
536 1909 716 1947 sustineri
747 1923 862 1958 posse
888 1909 1146 1956 arbitraretur,
1170 1909 1396 1959 praesertim
1416 1909 1576 1959 ancipiti

295 2023 307 2042 1
336 2013 495 2044 Lexoviis
518 2015 563 2048 B:
591 2014 742 2044 Lixoviis
766 2026 805 2044 cz:
831 2015 996 2052 totidem;
1024 2014 1258 2045 Lemovicibus
1275 2013 1454 2054 Nt‘ppcrdey
1542 2020 1576 2046 et

247 2055 401 2086 Aulercis
432 2067 498 2087 om.
530 2060 553 2091 β
657 2058 901 2088 Eburovicibus
938 2057 1103 2088 Valesius:
1150 2058 1363 2088 Eburonibus
1390 2058 1426 2087 X
1503 2089 1505 2092 Α
1556 2069 1576 2088 2

248 2104 345 2129 terna
373 2110 438 2130 om.
463 2103 485 2134 β
619 2101 697 2131 bina
725 2101 812 2133 codd,
836 2102 961 2140 aliquo!
984 2100 1098 2132 delen:
1132 2112 1197 2132 om.
1224 2100 1262 2131 X
1373 2103 1467 2132 -ffi-
1491 2101 1574 2135 MR:

248 2152 318 2173 xxx
335 2142 425 2173 AR:
453 2141 523 2174 xxsx'!
537 2143 587 2173 B:
615 2154 666 2174 MM
682 2155 689 2182 3
708 2154 729 2174 x
749 2143 923 2174 Schneider
1070 2153 1090 2182 5
1114 2144 1263 2175 Ambarii
1286 2144 1316 2174 T
1450 2145 1573 2176 Veneti

248 2197 312 2216 ουτ.
329 2197 349 2215 α
475 2188 496 2216 6
522 2188 722 2218 Lemovices
758 2186 811 2217 X:
841 2187 977 2218 Lexovii
1000 2187 1199 2227 Nipperdey:
1242 2187 1427 2218 Namnetes
1454 2188 1578 2228 Fmgell

248 2229 379 2259 Venelli
398 2229 557 2261 Ursinus:
585 2231 697 2261 Unelli
714 2230 752 2261 X
855 2241 895 2261 10
919 2232 943 2260 fi
960 2233 1003 2264 B:
1023 2236 1064 2269 0]
1082 2237 1124 2270 m
1142 2232 1174 2261 Β
1189 2236 1263 2261 ante
1278 2241 1434 2261 rasuram
1449 2242 1455 2261 ε
1481 2241 1527 2261 xx
1542 2230 1576 2260 B

204 2306 208 2311 ς
247 2272 280 2302 in
298 2284 362 2303 νας.
382 2273 433 2305 R:
459 2284 523 2304 om.
542 2272 589 2302 ΑΙ
658 2285 723 2304 una
739 2284 806 2304 om.
823 2275 845 2308 β
954 2285 992 2312 19
1015 2285 1152 2305 ccxxxx
1168 2273 1267 2304 A'B:
1293 2284 1379 2304 CCXL
1396 2275 1449 2304 R:
1473 2275 1535 2304 'cei
1551 2276 1574 2308 β

247 2326 288 2344 22
320 2316 638 2348 Vercassivellauno
670 2317 803 2347 Aldus:
851 2317 1149 2348 Vercassianeuno
1187 2329 1226 2347 a:
1274 2317 1520 2356 Vergasilauno
1549 2318 1573 2351 β

248 2369 288 2395 25
314 2359 433 2389 fiducia
451 2362 473 2394 β

1600 821 1640 843 10

1601 1145 1636 1177 15

1600 1469 1639 1491 20

1596 1791 1636 1823 25
