1768 2739
602 158 645 195 C.
681 157 795 194 IVLI
829 157 1097 193 (ansARls

185 271 410 308 defensores
432 269 533 306 vallo
554 266 916 316 munitionibusque
948 267 1195 315 depellerent,
1220 266 1511 317 auxiliaresque,

185 334 327 384 quibus
357 335 407 371 ad
436 345 606 383 pugnam
635 344 713 369 non
742 333 906 369 multum
931 332 1091 369 Crassus
1119 331 1355 378 confidebat,
1381 332 1514 382 lapidi-

184 400 256 437 bus
279 398 443 448 telisque
467 396 819 435 sumministrandis
841 403 877 434 ct
898 396 947 433 ad
964 408 1141 444 aggerem
1159 395 1395 445 caespitibus
1412 409 1515 435 com-

182 463 382 513 portandis
406 462 577 512 speciem
602 469 720 511 atque
745 460 971 511 opinionem
993 460 1249 510 pugnantium
1271 462 1513 511 praeberent,

183 541 273 567 cum
295 527 388 566 item
412 528 463 565 ab
491 526 669 565 hostibus
702 532 925 564 constanter
952 539 997 563 ac
1023 538 1101 563 non
1124 525 1260 563 timide
1281 534 1516 575 pugnaretur
1536 539 1552 569 5

181 595 335 642 telaque
375 606 421 630 ex
458 593 546 629 loco
589 590 785 640 superiore
827 589 943 627 missa
983 603 1062 627 non
1102 591 1238 628 frustra
1279 590 1514 637 acciderent,

146 676 160 697 2
181 656 331 707 equites
376 654 586 694 circumitis
636 654 807 693 hostium
846 653 978 692 castris
1012 655 1152 692 Crasso
1199 654 1515 693 renuntiaverunt

134 714 140 718 i
181 735 260 760 non
282 722 420 759 eadem
443 733 526 758 esse
550 719 750 769 diligentia
778 719 828 757 ab
858 720 1076 758 decumana
1097 726 1208 768 porta
1228 727 1351 758 castra
1368 719 1516 757 munita

181 786 414 835 facilemque
435 784 586 823 aditum
609 785 763 823 habere.

110 853 163 890 26
240 851 402 890 Crassus
424 849 600 900 equitum
623 850 840 899 praefectos
857 850 1092 896 cohortatus,
1112 856 1154 888 ut
1171 849 1319 899 magnis
1336 849 1516 899 praemiis
1540 861 1577 883 10

184 914 612 965 pollicitationibusque
634 927 725 952 suos
751 913 972 961 excitarent,
997 913 1092 964 quid
1119 914 1200 953 fieri
1221 914 1311 953 velit
1332 914 1513 958 ostendit.

149 996 162 1016 2
188 980 261 1027 Illi,
287 988 328 1018 ut
349 987 429 1018 erat
450 979 696 1029 imperatum,
712 979 863 1018 eductis
884 978 938 1017 eis
960 978 1187 1017 cohortibus
1209 992 1308 1029 quae
1324 978 1518 1029 praesidio

188 1044 320 1083 castris
351 1044 507 1083 relictae
535 1044 688 1083 intritae
716 1045 766 1083 ab
796 1045 928 1084 labore
959 1054 1078 1093 erant,
1112 1053 1150 1084 et
1179 1045 1353 1095 longiore
1382 1044 1518 1083 itinere

188 1109 474 1156 circumductis,
508 1123 557 1147 ne
591 1123 638 1147 ex
671 1109 843 1148 hostium
873 1110 1006 1148 castris
1036 1110 1209 1161 conspici
1240 1118 1410 1161 possent,
1439 1122 1519 1148 om-

188 1174 298 1212 nium
328 1173 451 1212 oculis
487 1173 764 1224 mentibusque
792 1176 844 1214 ad
873 1188 1044 1226 pugnam
1075 1175 1233 1215 intentis
1265 1175 1439 1214 celeriter
1467 1175 1518 1213 ad
1540 1185 1576 1216 15

149 1253 166 1283 3
188 1252 252 1277 eas
293 1252 389 1289 quas
429 1238 598 1277 diximus
634 1239 871 1278 munitiones
906 1248 1165 1290 pervenerunt
1193 1248 1311 1291 atque
1345 1240 1404 1278 his
1434 1252 1517 1289 pro-

188 1303 281 1342 rutis
310 1303 415 1354 prius
445 1303 483 1341 in
514 1303 686 1342 hostium
721 1304 854 1342 castris
884 1305 1141 1344 constiterunt
1174 1319 1293 1355 quam
1322 1306 1437 1355 plane
1465 1304 1516 1342 ab

145 1382 165 1412 4
188 1368 242 1407 eis
264 1368 385 1407 videri
406 1376 473 1406 aut
490 1368 585 1418 quid
606 1369 659 1407 rei
679 1376 874 1418 gereretur
894 1370 1077 1419 cognosci
1099 1378 1240 1420 posset.
1299 1371 1404 1407 Tum
1425 1382 1516 1408 vero

188 1435 358 1471 clamore
395 1434 446 1470 ab
485 1446 529 1471 ea
568 1441 675 1483 parte
708 1433 854 1479 audito,
896 1434 1014 1472 nostri
1054 1434 1321 1484 redintegratis
1359 1433 1514 1480 viribus,

189 1499 297 1548 quod
323 1499 552 1547 plerumque
580 1497 619 1534 in
646 1511 714 1547 spe
741 1497 924 1536 victoriae
953 1498 1130 1537 accidere
1158 1498 1371 1545 consuevit,
1393 1498 1517 1536 acrius
1540 1511 1579 1532 20

149 1574 166 1604 5
191 1563 419 1612 impugnare
458 1569 681 1611 coeperunt.
754 1564 902 1600 Hostes
942 1563 1117 1612 undique
1156 1562 1420 1609 circumventi,
1456 1564 1520 1601 de-

190 1626 350 1677 speratis
383 1626 566 1664 omnibus
598 1627 724 1673 rebus,
757 1640 797 1665 se
827 1640 895 1676 per
924 1627 1163 1665 munitiones
1187 1626 1341 1665 deicere
1365 1634 1402 1665 et
1432 1629 1521 1676 fuga

149 1692 353 1729 6salutem
390 1698 521 1740 petere
562 1691 823 1729 intenderunt.
886 1692 998 1740 Quos
1038 1691 1232 1741 equitatus
1270 1690 1522 1741 apertissimis

188 1755 336 1805 campis
362 1763 609 1793 consectatus
638 1769 683 1794 ex
708 1755 857 1793 milium
881 1767 904 1792 L
924 1769 1098 1802 numero,
1123 1769 1223 1805 quae
1244 1770 1290 1794 ex
1310 1755 1521 1806 Aquitania

190 1819 475 1869 Cantabrisque
504 1820 734 1858 convenisse
759 1820 974 1867 constabat,
998 1820 1059 1858 vix
1086 1828 1220 1870 quarta
1245 1828 1353 1871 parte
1377 1820 1520 1862 relicta,
1542 1835 1580 1866 25

189 1886 310 1922 multa
332 1892 447 1922 nocte
470 1898 510 1923 se
532 1884 571 1922 in
593 1892 716 1923 castra
737 1885 881 1935 recipit.

118 1957 166 1995 27
246 1951 335 1987 Hac
366 1949 498 1987 audita
530 1962 660 1999 pugna
688 1949 855 1987 maxima
885 1963 972 2000 pars
999 1949 1235 2000 Aquitaniae
1265 1963 1349 1988 sese
1381 1951 1523 1989 Crasso

188 2014 338 2052 dedidit
381 2014 619 2064 obsidesque
658 2016 758 2052 ultro
796 2014 927 2062 misit,
970 2028 1049 2064 quo
1088 2015 1128 2052 in
1166 2028 1331 2053 numero
1369 2016 1523 2053 fuerunt

188 2078 371 2125 Tarbelli,
409 2079 664 2128 Bigerriones,
692 2078 843 2125 Ptianii‚
867 2081 1047 2126 Vocates,
1078 2081 1298 2125 Tarusates,
1331 2080 1521 2125 Elusates,

154 2157 167 2177 2
190 2145 319 2189 Crates,
341 2144 471 2190 Ausci,
490 2143 690 2190 Garumni,
707 2143 918 2190 Sibuzates,
936 2145 1160 2183 Cocosates.
1198 2146 1352 2182 Paucae
1365 2143 1523 2182 ultimae
1544 2157 1583 2188 30

192 2207 368 2245 nationes
405 2207 496 2246 anni
531 2216 709 2259 tempore
742 2210 924 2255 confisae,
957 2210 1066 2258 quod
1095 2208 1220 2248 hiems
1250 2208 1416 2254 suberat,
1448 2208 1523 2245 hoc

195 2273 320 2309 facere
342 2275 602 2321 neglexerunt.

242 2384 278 2403 12
304 2375 343 2404 iis
354 2374 453 2404 AB':
481 2376 543 2406 hiis
563 2376 617 2406 M:
646 2376 735 2407 -1111-
750 2378 772 2410 β
882 2387 917 2415 13
944 2377 1077 2407 intritae
1095 2376 1180 2407 codd.
1197 2376 1287 2406 deser.
1304 2387 1309 2407 z
1337 2374 1452 2405 intrite
1472 2374 1523 2404 U:

193 2417 368 2447 interritae
385 2417 441 2447 aT
546 2421 584 2448 16
609 2421 755 2458 prorutis
772 2420 919 2450 Fam-nas
934 2432 938 2449 z
966 2421 1138 2459 proruptis
1156 2419 1193 2449 X
1301 2429 1342 2457 29
1367 2418 1524 2449 Elusates

192 2460 260 2491 cod.
279 2471 366 2491 nnus
383 2461 473 2491 deser.
494 2472 499 2491 :
525 2462 676 2493 ssustates
694 2462 729 2492 X
