1768 2739
446 137 520 173 DE
552 137 731 173 BELLO
762 136 1007 174 GALLICO
1038 137 1140 174 LIB.
1174 138 1210 172 V

168 246 410 297 pronuntiari
430 246 575 294 iubent,
598 260 666 284 seu
691 246 777 296 quis
799 248 934 284 Gallus
959 260 1027 285 seu
1056 249 1262 285 Romanus
1283 247 1374 286 velit
1399 255 1490 287 ante

169 313 305 349 horam
336 311 486 349 tertiam
514 313 564 350 ad
592 324 633 349 se
660 310 832 358 transire,
855 311 939 349 sine
963 312 1138 361 periculo
1166 312 1304 350 licere:
1334 319 1423 362 post
1450 312 1491 351 id

169 384 323 426 tempus
344 390 423 415 non
444 378 525 414 fore
545 383 802 426 potestatem3
830 390 877 414 ac
897 376 952 414 sie
973 383 1127 415 nostros
1156 385 1487 427 contempserunt,
1513 392 1531 422 3

170 448 210 479 ut
231 441 438 479 obstructis
458 440 497 478 in
518 440 689 490 speciem
710 440 830 491 portis
855 440 1015 490 singulis
1036 441 1240 479 ordinibus
1262 442 1489 491 caespitum,

133 520 149 550 5
169 508 276 555 quod
308 519 353 544 ea
384 519 463 543 non
497 519 613 556 posse
651 505 934 555 introrumpere
967 505 1211 552 videbantur,
1248 505 1311 543 alii
1346 507 1490 543 vallum

170 584 288 608 manu
336 570 523 618 scindere,
563 571 627 609 alii
666 572 789 609 fossas
836 572 1034 620 complere
1082 571 1307 621 inciperent.
1386 573 1490 608 Tum
1511 586 1531 616 4

170 636 313 673 Caesar
341 635 525 674 omnibus
555 636 675 686 portis
699 636 903 686 eruptione
932 637 1034 674 facta
1063 636 1318 685 equitatuque
1348 636 1492 674 emisso

170 700 342 738 celeriter
362 701 484 738 hostis
505 701 544 738 in
565 702 695 750 fugam
716 702 794 748 dat,
818 701 872 739 sic
893 701 948 739 uti
970 701 1133 739 omnino
1154 701 1354 751 pugnandi
1376 715 1493 739 causa

171 765 361 804 resisteret
391 779 519 813 nemo,
543 779 809 816 magnumque
830 779 876 803 ex
901 765 955 804 eis
980 779 1186 804 numerum
1209 765 1354 804 occidit
1374 773 1492 815 atque

114 841 152 863 10
170 830 297 868 omnis
318 830 433 868 armis
454 830 568 869 exuit.

225 894 397 945 Longius
418 894 601 945 prosequi
620 895 775 942 veritus,
798 896 907 945 quod
928 894 1046 933 silvae
1066 896 1310 944 paludesque
1330 894 1493 933 interce-
1513 904 1564 944 52

170 961 317 999 debant
355 973 483 1009 neque
521 959 638 998 etiam
683 961 844 1010 parvulo
893 959 1130 998 detrimento
1169 959 1322 998 illorum
1363 961 1493 997 locum

171 1024 336 1074 relinqui
366 1024 535 1071 videbat,
568 1024 752 1062 omnibus
787 1024 865 1062 suis
898 1024 1162 1063 incolumibus
1193 1024 1316 1074 copiis
1351 1025 1493 1063 eodem

171 1090 234 1129 die
263 1091 313 1128 ad
349 1089 581 1129 Ciceronem
616 1089 801 1140 pervenit.
872 1089 1074 1128 Institutas
1106 1089 1229 1137 turris,
1263 1090 1491 1137 testudines,
1517 1112 1531 1133 2

115 1166 150 1197 15
172 1155 489 1205 munitionesque
518 1155 691 1194 hostium
714 1154 936 1193 admiratur.
998 1155 1171 1205 Legione
1200 1157 1403 1205 producta,
1432 1169 1495 1193 co-

170 1220 323 1270 gnoscit
343 1233 423 1259 non
451 1220 649 1259 decimum
676 1233 875 1270 quemque
901 1233 986 1258 esse
1012 1220 1205 1270 reliquum
1226 1220 1390 1258 militem
1411 1219 1495 1257 sine

173 1287 341 1324 vulnere.
402 1287 461 1323 Ex
489 1285 544 1323 eis
573 1284 758 1324 omnibus
788 1284 935 1323 iudicat
963 1286 1079 1323 rebus
1100 1292 1249 1335 quanto
1278 1299 1369 1323 cum
1399 1285 1495 1334 peri·
1516 1299 1534 1329 3

170 1353 260 1389 culo
284 1358 322 1389 et
346 1358 493 1400 quanta
518 1363 609 1388 cum
630 1349 770 1388 virtute
795 1363 855 1388 res
882 1350 959 1388 sint
978 1350 1281 1389 administratae.
1342 1351 1496 1390 Cicero·
1514 1365 1534 1396 4

171 1430 261 1454 nem
297 1429 366 1466 pro
400 1415 482 1454 eius
517 1414 656 1453 merito
687 1414 961 1465 legionemque
991 1416 1212 1463 collaudat3
1245 1415 1496 1454 centuriones

115 1496 153 1518 20
172 1481 395 1531 singillatim
423 1481 681 1530 tribunosque
705 1480 872 1518 militum
899 1482 1081 1530 appellat,
1107 1494 1275 1530 quorum
1302 1481 1495 1531 egregiam

172 1547 290 1585 fuisse
316 1546 497 1584 virtutem
527 1545 752 1584 testimonio
779 1545 981 1585 Ciceronis
1010 1554 1256 1596 cognoverat.
1318 1548 1379 1585 De
1403 1560 1495 1585 casu

173 1612 307 1650 Sabini
329 1619 367 1650 et
388 1613 529 1651 Cottae
553 1611 694 1649 certius
715 1624 761 1648 ex
781 1610 943 1660 captivis
970 1610 1182 1660 cognoscit.
1243 1613 1405 1649 Postero
1432 1610 1496 1649 die
1516 1624 1533 1655 5

173 1676 359 1715 contione
379 1675 513 1714 habita
533 1689 614 1714 rem
635 1682 783 1725 gestam
805 1674 988 1725 proponit
1002 1690 1012 1723 3
1052 1675 1192 1713 milites
1213 1677 1438 1714 consolatur
1458 1684 1496 1715 et

174 1743 379 1780 confirmat
398 1756 405 1780 :
436 1742 545 1791 quod
575 1740 853 1780 detrimentum
880 1742 995 1790 culpa
1015 1748 1053 1779 et
1074 1741 1291 1779 temeritate
1312 1741 1427 1791 legati
1448 1742 1496 1780 sit
1515 1744 1534 1777 6

117 1820 153 1851 25
174 1814 392 1856 acceptum,
416 1807 492 1844 hoc
512 1805 697 1855 aequiore
717 1806 850 1844 animo
871 1807 1077 1844 ferendum
1099 1807 1227 1853 docet,
1251 1808 1359 1856 quod
1382 1807 1497 1845 bene-

174 1871 264 1909 ficio
294 1873 459 1910 deorum
490 1870 770 1909 immortalium
791 1878 829 1909 et
850 1871 989 1909 virtute
1016 1884 1151 1909 eorum
1175 1871 1329 1921 expiato
1351 1871 1497 1910 incom-

175 1938 296 1975 modo
326 1950 454 1986 neque
489 1936 668 1975 hostibus
699 1935 851 1976 diutina
880 1936 1037 1975 laetatio
1067 1950 1196 1987 neque
1223 1936 1316 1986 ipsis
1346 1937 1498 1987 longior

174 2004 287 2041 dolor
307 2002 555 2052 relinquatur.

230 2067 392 2105 Interim
413 2068 464 2105 ad
487 2066 707 2105 Labienum
728 2080 796 2117 per
817 2069 968 2105 Remos
990 2067 1209 2105 incredibili
1232 2067 1427 2105 celeritate
1448 2069 1498 2106 de
1517 2075 1567 2113 53

119 2143 157 2173 30
176 2132 336 2171 victoria
350 2132 527 2171 Caesaris
540 2133 643 2170 fama
656 2134 854 2181 perfertur,
870 2140 921 2179 ut,
939 2146 1028 2170 cum
1042 2133 1092 2170 ab
1106 2132 1278 2171 hibernis
1296 2133 1498 2172 Ciceronis

177 2197 282 2235 milia
302 2210 488 2246 passuum
509 2197 663 2235 abesset
683 2197 834 2235 circiter
858 2209 910 2234 Lx
938 2211 1065 2247 eoque
1086 2205 1174 2247 post
1195 2199 1330 2235 horam
1353 2211 1498 2236 nonam

176 2262 253 2300 diei
285 2263 429 2301 Caesar
462 2261 711 2312 pervenisset,
745 2269 835 2300 ante
874 2262 1045 2301 mediam
1085 2271 1243 2301 noctem
1283 2265 1332 2302 ad
1369 2270 1498 2313 portas

176 2335 391 2365 castrorum
413 2328 559 2365 clamor
579 2335 761 2374 oreretur,
780 2341 859 2376 quo
875 2329 1046 2366 clamore
1067 2328 1298 2377 significatio
1316 2328 1499 2367 victoriae

176 2392 461 2442 gratulatioque
481 2393 532 2430 ab
554 2392 689 2430 Remis
722 2392 898 2430 Labieno
920 2393 1037 2430 fieret.
1100 2395 1189 2431 Hac
1210 2395 1313 2432 fama
1335 2396 1386 2433 ad
1408 2396 1499 2433 Tre·
1521 2408 1535 2428 2
