1706 2729
613 142 656 181 C.
691 142 806 180 IVLI
838 143 1105 182 CAESARIS

191 251 378 302 paulatim
407 265 493 290 sese
524 252 696 303 legiones
735 253 1015 304 coniungerent
1050 262 1087 293 et
1126 269 1313 295 conversa
1342 257 1450 308 signa
1480 258 1518 296 in

154 337 167 357 2
191 315 313 354 hostis
344 316 536 355 inferrent.
597 319 690 366 Quo
715 320 817 357 facto
841 333 930 357 cum
958 320 1054 358 alius
1081 320 1143 358 alii
1165 321 1383 361 subsidium
1406 324 1518 362 ferret

190 393 320 430 neque
352 380 532 420 timerent
566 396 616 420 ne
649 383 770 421 aversi
805 384 854 422 ab
894 385 1006 422 hoste
1045 385 1426 433 circumvenirentur,
1456 401 1521 425 au·

151 461 168 491 3
190 444 324 483 dacius
364 445 538 485 resistere
576 461 622 485 ac
668 447 801 486 fortius
845 462 1015 499 pugnare
1054 459 1276 500 coeperunt.
1357 451 1517 490 Interim

192 508 333 548 milites
363 510 560 560 legionum
592 513 757 549 duarum
791 526 891 561 quae
921 513 959 550 in
990 514 1201 553 novissimo
1230 515 1385 565 agmine
1415 529 1520 566 prae·
1539 525 1556 556 5

188 572 290 612 sidio
317 574 608 625 impedimentis
636 577 795 626 fuerant,
826 577 974 627 proelio
1004 578 1193 625 nuntiato,
1216 593 1330 617 cursu
1357 579 1518 620 incitato

148 651 166 680 4
188 637 227 675 in
277 652 433 678 summo
483 642 582 678 colle
633 641 683 678 ab
736 641 914 679 hostibus
967 643 1338 693 conspiciebantur3
1393 652 1431 683 et
1469 647 1514 684 T.

190 703 397 751 Labienus,
421 704 554 743 castris
580 705 751 743 hostium
780 705 926 756 potitus
953 714 991 745 et
1015 721 1061 745 ex
1087 709 1175 746 loco
1199 708 1396 758 superiore
1416 723 1517 759 quae

188 781 247 805 res
269 767 309 806 in
329 768 470 807 nostris
491 769 624 807 castris
650 778 873 819 gererentur
902 771 1160 821 conspicatus,
1185 772 1379 811 decimam
1401 774 1516 824 legio-

147 843 164 874 5
186 846 278 870 nem
299 833 476 871 subsidio
497 834 636 872 nostris
658 834 770 873 misit.
818 835 897 883 Qui
917 849 1007 873 cum
1025 850 1071 874 ex
1086 836 1261 886 equitum
1280 845 1317 875 et
1333 839 1515 876 calonum
1541 848 1577 870 10

187 899 277 947 fuga
297 911 377 948 quo
403 898 443 935 in
470 900 558 936 loco
585 913 644 937 res
672 907 772 938 esset
800 908 1028 950 quantoque
1058 900 1099 938 in
1130 901 1303 951 periculo
1328 910 1366 941 et
1392 911 1516 941 castra

186 969 223 999 et
253 962 425 1012 legiones
464 970 503 1001 et
535 962 745 1013 imperator
777 972 991 1003 versaretur
1023 965 1309 1015 cognovissent,
1341 966 1437 1005 nihil
1465 968 1517 1006 ad

186 1026 424 1065 celeritatem
445 1026 517 1065 sibi
540 1027 676 1078 reliqui
698 1030 881 1067 fecerunt.

115 1097 164 1136 27
242 1093 397 1130 Horum
432 1093 603 1130 adventu
643 1100 749 1131 tanta
787 1107 913 1132 rerum
948 1095 1205 1134 commutatio
1240 1104 1297 1134 est
1336 1098 1436 1134 facta
1475 1104 1516 1134 ut

183 1155 317 1203 nostri,
348 1155 466 1194 etiam
496 1156 563 1207 qui
592 1157 816 1197 vulneribus
848 1158 1015 1197 confecti
1050 1160 1359 1209 procubuissent,
1396 1160 1515 1198 scutis
1539 1173 1574 1203 15

183 1219 304 1258 innixi
342 1220 533 1271 proelium
578 1221 914 1272 redintegrarent:
962 1231 1044 1261 tum
1087 1226 1253 1272 calones,
1295 1224 1515 1275 perterritos

183 1285 306 1324 hostis
358 1285 584 1335 conspicati,
635 1286 750 1325 etiam
802 1287 968 1326 inermes
1020 1288 1176 1326 armatis
1233 1296 1483 1327 occurrerunt
1504 1304 1514 1337 3

147 1367 159 1387 2
184 1350 333 1400 equites
360 1364 462 1396 ver0,
494 1359 535 1388 ut
566 1350 845 1401 turpitudinem
876 1353 989 1401 fugae
1013 1352 1150 1390 virtute
1180 1354 1364 1398 delerent,
1392 1353 1514 1390 omni-

182 1415 256 1452 bus
276 1414 316 1452 in
337 1414 431 1452 locis
452 1423 626 1464 pugnant
647 1429 726 1465 quo
754 1429 794 1454 se
818 1415 1036 1465 legionariis
1058 1415 1243 1455 militibus
1264 1418 1508 1466 praeferrent.

144 1491 161 1520 3
184 1480 234 1516 At
266 1479 407 1524 hostes,
443 1478 558 1516 etiam
592 1479 631 1517 in
665 1487 837 1518 extrema
871 1494 938 1530 spe
973 1480 1116 1527 salutis,
1151 1488 1298 1518 tantam
1330 1481 1510 1520 virtutem
1534 1498 1573 1519 20

181 1542 454 1592 praestiterunt
494 1551 544 1587 ut,
588 1557 677 1581 cum
721 1544 834 1593 primi
881 1558 1015 1583 eorum
1061 1545 1305 1592 cecidissent,
1346 1546 1511 1596 proximi

180 1607 398 1645 iacentibus
438 1607 658 1646 insisterent
695 1616 813 1658 atque
848 1623 894 1647 ex
933 1623 1066 1647 eorum
1107 1610 1334 1660 corporibus
1368 1624 1511 1660 pugna-

140 1686 160 1715 4
180 1679 290 1719 rent;
330 1672 388 1710 his
419 1672 579 1710 deiectis
612 1681 649 1711 et
678 1673 914 1712 coacervatis
946 1674 1209 1722 cadaveribus,
1243 1675 1309 1725 qui
1339 1689 1511 1725 superes-

179 1745 274 1784 sent,
305 1745 346 1775 ut
377 1751 422 1775 ex
452 1739 614 1784 tumulo,
645 1740 720 1776 tela
748 1738 786 1776 in
817 1746 969 1777 nostros
1001 1739 1196 1777 coicerent
1226 1747 1263 1777 et
1287 1739 1365 1790 pila
1398 1739 1510 1779 inter-

140 1817 157 1848 5
178 1809 291 1851 cepta
307 1801 568 1840 remitterent:
600 1810 641 1840 ut
662 1816 742 1841 non
764 1803 1003 1853 nequiquam
1021 1812 1150 1842 tantae
1163 1803 1312 1842 virtutis
1329 1805 1509 1844 homines
1532 1821 1568 1852 25

178 1865 339 1905 iudicari
355 1867 516 1905 deberet
531 1880 647 1906 ausos
668 1881 752 1906 esse
774 1868 933 1906 transire
955 1868 1184 1907 latissimum
1205 1870 1363 1916 flumen,
1378 1883 1509 1909 ascen-

177 1932 269 1969 dere
307 1931 512 1969 altissimas
552 1932 664 1982 ripaS,
706 1933 834 1971 subire
874 1933 1161 1983 iniquissimum
1202 1935 1360 1981 locum,
1407 1948 1508 1985 quae

178 1995 303 2034 facilia
324 2010 370 2034 ex
390 1996 626 2035 difficillimis
647 1997 766 2036 animi
789 1998 1018 2048 magnitudo
1040 2000 1248 2048 redegerat.

107 2065 156 2101 28
234 2063 324 2099 Hoc
357 2061 504 2111 proelio
540 2064 642 2101 sacto
677 2070 714 2101 et
745 2077 866 2113 prope
896 2064 947 2102 ad
978 2063 1286 2102 internecionem
1317 2072 1433 2114 gente
1461 2078 1508 2102 ac

176 2124 338 2162 nomine
368 2126 600 2165 Nerviorum
636 2128 805 2175 redacto,
838 2127 1002 2166 maiores
1037 2135 1141 2175 natu,
1174 2141 1272 2177 quos
1306 2142 1384 2166 una
1415 2141 1505 2166 cum
1526 2144 1566 2175 30

176 2189 303 2238 pueris
327 2190 632 2241 mulieribusque
656 2192 695 2229 in
725 2192 916 2230 aestuaria
942 2206 988 2230 ac
1014 2193 1177 2242 paludes
1198 2194 1383 2231 collectos
1404 2191 1506 2231 dixe-

176 2267 317 2300 ramus,
342 2256 413 2293 hac
435 2269 564 2305 pugna
584 2256 772 2303 nuntiata,
796 2270 885 2295 cum
907 2256 1116 2295 victoribus
1141 2256 1236 2295 nihil
1258 2256 1501 2307 impeditum,

142 2334 154 2354 2
176 2317 285 2356 victis
325 2319 419 2356 nihil
461 2328 586 2358 tutum
628 2320 913 2367 arbitrarentur,
958 2320 1134 2359 omnium
1175 2320 1241 2370 qui
1280 2328 1503 2370 supererant

181 2458 210 2488 U
224 2425 259 2453 17
287 2421 502 2488 ocgurrerent
519 2418 541 2450 β
680 2427 717 2456 19
743 2422 891 2456 pugnant
909 2439 914 2447 .
935 2428 1004 2456 quo
1021 2427 1061 2447 a:
1104 2427 1214 2456 pugne
1238 2419 1278 2450 βε
1320 2418 1502 2456 pugnando

223 2469 320 2489 czsscu
343 2469 400 2489 om
