1768 2739
633 148 675 184 C.
711 147 825 184 IVLI
859 147 1127 185 CAESARIS

216 256 452 308 regionibus,
476 258 513 295 in
537 256 738 295 maritimis
767 258 920 303 ferrum,
944 258 1013 295 sed
1044 257 1126 295 eius
1154 258 1290 307 exigua
1318 268 1375 296 est
1406 259 1543 310 copia3

177 339 194 370 5
215 336 304 362 aere
338 329 500 361 utuntur
531 322 751 373 importato.
826 322 992 360 Materia
1023 322 1213 373 cuiusque
1245 323 1396 372 generis
1428 333 1470 363 ut
1504 325 1542 363 in

176 397 195 427 6
217 388 345 428 Gallia
365 396 434 436 est,
458 396 608 439 praeter
629 390 759 438 fagum
781 396 899 438 atque
919 388 1100 426 abietem.
1164 390 1356 438 Leporem
1385 398 1422 428 et
1441 392 1546 441 galli-

216 467 308 492 nam
330 460 367 492 et
394 467 571 492 anserem
591 460 745 503 gustare
766 454 821 491 fas
846 466 926 491 non
957 461 1094 503 putant
1109 468 1118 501 3
1153 454 1250 491 haec
1278 462 1409 492 tamen
1437 456 1544 493 alunt

179 518 337 561 7animi
363 518 654 568 voluptatisque
686 532 813 556 causa.
875 520 981 556 Loca
1014 526 1103 557 sunt
1131 519 1404 568 temperatiora
1426 533 1544 570 quam

217 584 258 622 in
279 583 416 631 Gallia,
440 583 727 637 remissioribus
748 582 964 633 frigoribus.

153 658 196 695 13
273 650 407 686 Insula
433 656 570 686 natura
591 648 787 697 triquetra,
811 647 921 686 cuius
946 662 1068 686 unum
1097 650 1196 687 latus
1218 657 1275 688 est
1296 658 1431 688 contra
1459 651 1548 688 Gal-

141 711 146 715 *
217 713 319 751 liam.
381 713 512 751 Huius
533 712 661 751 lateris
681 714 777 751 alter
796 714 972 763 angulus,
996 713 1062 762 qui
1090 721 1147 751 est
1173 715 1224 753 ad
1246 714 1444 762 Cantium,
1469 729 1548 765 quo

216 779 295 816 fere
316 791 453 816 omnes
475 791 520 816 ex
542 777 669 816 Gallia
696 790 814 816 naves
839 779 1099 827 appelluntur,
1122 779 1173 816 ad
1195 778 1384 818 orientem
1408 782 1545 827 solem,

216 843 374 882 inferior
402 844 453 881 ad
482 842 686 882 meridiem
716 850 875 893 spectat.
938 845 1030 881 Hoc
1062 844 1228 893 pertinet
1261 845 1410 884 circiter
1442 846 1548 884 milia

180 923 194 944 2
218 921 404 958 passuum
432 907 655 957 quingenta.
717 909 895 946 Alterum
925 907 1044 957 vergit
1071 910 1121 947 ad
1158 908 1394 958 Hispaniam
1429 918 1548 960 atque

219 972 467 1011 occidentem
502 974 650 1020 solem3
694 986 771 1022 qua
810 986 856 1011 ex
894 981 1002 1022 parte
1041 980 1098 1011 est
1140 973 1344 1021 Hibernia,
1382 974 1548 1014 dimidio

220 1037 357 1084 minor,
376 1046 417 1076 ut
434 1037 684 1084 existimatur,
701 1051 819 1088 quam
844 1038 1054 1085 Britannia,
1078 1040 1147 1077 sed
1169 1039 1250 1088 pari
1280 1039 1407 1089 spatio
1430 1048 1549 1078 trans-

182 1116 198 1145 3
219 1103 359 1141 missus
389 1110 506 1152 atque
535 1116 583 1141 ex
611 1103 737 1141 Gallia
764 1110 821 1141 est
846 1103 884 1140 in
918 1103 1170 1141 Britanniam.
1233 1106 1278 1142 In
1310 1106 1386 1143 hoc
1417 1105 1549 1143 medio

219 1181 333 1206 cursu
350 1175 407 1206 est
424 1168 550 1206 insula
571 1181 672 1218 quae
692 1170 910 1218 appellatur
932 1170 1056 1206 Mona
1073 1184 1079 1207 :
1111 1171 1333 1219 complures
1351 1178 1548 1220 praeterea

220 1233 388 1272 minores
419 1232 618 1271 subiectae
649 1233 798 1271 insulae
837 1233 1115 1280 existimantur,
1150 1235 1199 1272 de
1230 1234 1372 1284 quibus
1415 1235 1550 1274 insulis

219 1311 299 1336 non
331 1298 426 1336 nulli
456 1298 691 1347 scripserunt
721 1298 806 1336 dies
836 1298 1046 1337 continuos
1075 1311 1165 1336 xxx
1196 1301 1269 1337 sub
1301 1301 1438 1339 bruma
1466 1314 1550 1339 esse

180 1370 387 1408 4noctem.
449 1364 532 1401 Nos
568 1362 662 1399 nihil
698 1364 748 1400 de
783 1376 830 1400 eo
862 1364 1224 1412 percontationibus
1261 1366 1550 1415 reperiebamus

220 1427 293 1465 nisi
322 1427 435 1465 certis
465 1441 511 1465 ex
540 1440 642 1476 aqua
673 1427 863 1465 mensuris
885 1428 1079 1466 breviores
1101 1443 1184 1467 esse
1207 1444 1325 1480 quarn
1357 1431 1395 1469 in
1430 1432 1550 1469 conti-

183 1505 199 1535 5
221 1491 328 1530 nenti
361 1499 496 1529 noctes
531 1491 772 1530 videbamus.
837 1492 967 1530 Huius
1003 1501 1059 1531 est
1097 1494 1301 1544 longitudo
1335 1496 1474 1543 lateriS,
1508 1505 1550 1534 ut
1576 1513 1588 1527 ο

182 1562 200 1593 6
222 1559 291 1595 fert
321 1556 474 1595 illorum
506 1556 652 1606 opinio,
689 1556 1024 1607 septingentorum
1058 1559 1219 1598 milium.
1281 1560 1457 1599 Tertium
1495 1569 1551 1600 est

220 1629 356 1660 contra
385 1620 682 1671 septentriones,
709 1621 770 1659 cui
796 1622 894 1671 parti
922 1624 1028 1660 nulla
1059 1631 1115 1662 est
1144 1625 1299 1663 obiecta
1327 1634 1449 1673 terra:
1484 1627 1553 1664 sed

221 1687 302 1725 eius
331 1687 496 1736 angulus
524 1686 652 1724 lateris
682 1686 849 1725 maxime
873 1688 923 1725 ad
953 1689 1205 1727 Germaniam
1238 1699 1397 1740 spectat.
1462 1693 1553 1730 Hoc

223 1751 328 1789 milia
349 1764 535 1801 passuum
557 1750 783 1801 octingenta
803 1751 842 1789 in
871 1753 1157 1802 longitudinem
1189 1768 1273 1793 esse
1301 1754 1550 1794 existimatur.

186 1828 200 1858 ῖ
225 1818 285 1854 Ita
309 1815 438 1854 omnis
468 1815 594 1854 insula
621 1822 679 1854 est
707 1815 745 1853 in
773 1816 936 1855 circuitu
958 1816 1075 1856 vicies
1105 1826 1264 1857 centum
1291 1819 1442 1858 milium
1470 1833 1554 1870 pas·
1600 1838 1611 1844 ·

225 1894 350 1919 suum.

161 1955 205 1992 14
279 1947 338 1983 Ex
371 1946 426 1984 eis
465 1946 650 1985 omnibus
684 1950 800 1999 longe
836 1957 926 1988 sunt
965 1950 1237 1989 humanissimi
1271 1951 1337 2000 qui
1369 1950 1554 1990 Cantium

224 2011 412 2058 incolunt,
449 2024 550 2061 quae
584 2012 689 2062 regio
724 2022 781 2052 est
824 2014 1016 2053 maritima
1051 2015 1190 2062 omnis,
1224 2029 1353 2065 neque
1388 2017 1555 2054 multum

188 2089 202 2108 2
223 2089 245 2114 a
275 2076 426 2114 Gallica
455 2075 639 2115 differunt
671 2079 968 2118 consuetudine.
1046 2079 1254 2118 Interiores
1283 2080 1458 2130 plerique
1483 2081 1556 2118 fru-

224 2148 357 2178 menta
395 2154 475 2178 non
510 2150 653 2189 serunt,
690 2145 759 2182 sed
791 2145 891 2182 lacte
923 2152 960 2182 et
992 2157 1108 2183 carne
1140 2144 1275 2182 vivunt
1307 2145 1554 2194 pellibusque

189 2213 206 2241 3
225 2212 314 2242 sunt
344 2205 481 2244 vestiti.
546 2209 697 2247 Omnes
724 2222 815 2247 vero
843 2222 883 2247 se
910 2209 1087 2247 Britanni
1107 2210 1206 2247 vitro
1233 2209 1423 2256 inficiunt,
1447 2211 1555 2259 quod

226 2271 446 2309 caeruleum
485 2272 600 2310 efficit
640 2274 823 2321 colorem,
859 2281 977 2323 atque
1009 2275 1085 2312 hoc
1120 2274 1355 2313 horridiores
1390 2282 1479 2312 sunt
1514 2274 1553 2312 in

273 2382 290 2410 7
316 2372 479 2410 triquetra
495 2373 540 2404 ed.
555 2380 628 2414 jun:
656 2376 817 2414 triquatra
839 2376 884 2406 U-'
905 2388 910 2405 :
935 2377 1109 2415 triquadra
1132 2376 1176 2406 T:
1211 2377 1343 2415 utrique
1359 2389 1378 2406 α
1512 2387 1554 2414 29

229 2425 246 2444 a
265 2414 394 2446 Gallica
411 2418 453 2450 B:
480 2417 605 2448 Gallica
622 2429 641 2448 α
774 2429 810 2456 31
842 2420 926 2449 uitro
948 2419 998 2451 U:
1023 2420 1109 2451 ultro
1126 2430 1166 2449 a:
1194 2419 1282 2450 intro
1305 2420 1334 2449 T

1570 861 1608 882 10

1577 2161 1616 2191 30
