1768 2739
794 136 839 172 A.
875 133 1041 171 HIRTI

217 258 233 288 3
257 247 564 286 Uxellodunum.
639 247 732 283 Hoc
766 251 938 282 avertere
970 242 1045 281 loci
1078 249 1214 279 natura
1245 239 1502 291 prohibebat:
1546 239 1586 278 in

255 310 399 349 infimis
431 310 536 350 enim
572 310 626 349 sic
661 309 857 348 radicibus
892 307 1036 346 montis
1071 307 1265 345 ferebatur
1293 313 1335 344 ut
1369 306 1516 343 nullam
1545 304 1586 342 in

213 390 233 420 4
254 382 404 425 partem
434 374 628 425 depressis
659 373 771 412 fossis
801 372 965 412 derivari
994 379 1136 422 posset.
1198 372 1291 409 Erat
1316 377 1449 408 autem
1479 368 1587 419 oppi-

253 439 365 478 danis
387 439 553 478 difficilis
578 446 615 478 et
644 446 873 489 praeruptus
901 451 948 476 eo
969 438 1194 483 descensus,
1217 443 1259 474 ut
1285 433 1586 485 prohibentibus

253 504 394 543 nostris
415 504 498 542 sine
519 503 744 542 vulneribus
771 516 816 541 ac
844 501 1018 552 periculo
1039 501 1139 539 vitae
1160 514 1289 551 neque
1309 499 1417 538 adire
1437 500 1585 537 flumen

214 582 230 613 5
252 583 381 619 neque
401 570 525 607 arduo
546 582 586 607 se
608 568 779 618 recipere
806 575 967 617 possent
994 579 1168 604 ascensu.
1243 566 1333 613 Qua
1357 563 1585 602 difficultate

252 648 388 674 eorum
419 634 575 683 cognita
600 635 744 673 Caesar
769 632 972 682 sagittariis
999 630 1342 680 funditoribusque
1373 628 1583 679 dispositis,

252 699 456 738 tormentis
477 698 595 737 etiam
612 698 849 748 quibusdam
872 696 968 735 locis
989 704 1125 734 contra
1146 695 1350 733 facillimos
1370 695 1584 732 descensus

251 765 462 812 collocatis,
495 778 598 815 aqua
629 763 801 802 fluminis
835 762 1070 813 prohibebat
1105 760 1335 811 oppidanos.

184 841 229 877 41
305 832 486 879 Quorum
534 829 663 868 omnis
706 836 842 879 postea
891 826 1102 865 multitudo
1145 832 1332 875 aquatum
1375 837 1499 862 unum
1542 822 1581 861 in

250 897 381 934 locum
413 894 673 934 conveniebat
703 894 776 932 sub
807 892 927 943 ipsius
958 891 1094 942 oppidi
1130 903 1295 937 murum,
1319 888 1387 928 ubi
1418 901 1583 939 magnus

250 962 337 998 fons
367 973 493 1010 aquae
524 959 804 1009 prorumpebat
825 959 876 996 ab
897 971 943 996 ea
968 964 1076 1007 parte
1101 969 1202 1006 quae
1231 956 1311 994 fere
1337 955 1485 1005 pedum
1514 960 1585 991 tre-

214 1044 227 1064 2
249 1032 454 1063 centorum
486 1024 689 1062 intervallo
719 1022 891 1061 fluminis
923 1021 1086 1060 circuitu
1116 1020 1289 1059 vacabat.
1351 1020 1443 1057 Hoc
1475 1019 1584 1056 fonte

248 1088 447 1139 prohiberi
467 1102 583 1139 posse
603 1087 824 1138 oppidanos
842 1100 932 1125 cum
954 1092 1133 1136 optarent
1154 1084 1302 1135 reliqui,
1322 1085 1466 1124 Caesar
1482 1096 1583 1121 unus

248 1154 406 1200 videret,
442 1168 463 1191 e
492 1153 650 1203 regione
684 1152 767 1191 eius
796 1152 929 1190 vineas
968 1164 1080 1201 agere
1114 1151 1299 1189 adversus
1329 1156 1505 1188 montem
1544 1155 1582 1186 et

248 1232 428 1268 aggerem
446 1218 635 1256 instruere
651 1217 780 1267 coepit
798 1230 941 1267 magno
956 1230 1045 1254 cum
1068 1217 1201 1254 labore
1218 1223 1255 1254 et
1269 1214 1457 1254 continua
1472 1214 1583 1253 dimi-

212 1298 228 1327 3
249 1283 413 1322 catione.
462 1283 661 1334 Oppidani
684 1283 788 1322 enim
810 1285 898 1321 loco
920 1282 1118 1333 superiore
1140 1284 1351 1321 decurrunt
1372 1289 1409 1321 et
1430 1281 1583 1320 eminus

249 1348 332 1386 sine
353 1348 527 1397 periculo
548 1347 785 1397 proeliantur
806 1349 1030 1397 multosque
1058 1347 1306 1398 pertinaciter
1326 1347 1583 1385 succedentes

249 1415 477 1459 vulnerant3
525 1426 605 1451 non
645 1414 888 1451 deterrentur
927 1420 1059 1451 tamen
1104 1412 1245 1450 milites
1289 1411 1410 1450 nostri
1448 1410 1581 1449 vineas

249 1480 418 1527 proferre
449 1485 486 1516 et
516 1479 649 1517 labore
680 1486 798 1528 atque
830 1478 1014 1528 operibus
1043 1480 1220 1517 locorum
1245 1478 1399 1517 vincere
1419 1477 1581 1516 difficul-

211 1559 228 1588 4
250 1550 356 1580 tates.
418 1544 572 1581 Eodem
601 1550 777 1592 tempore
804 1543 1008 1581 cuniculos
1037 1551 1161 1582 tectos
1188 1544 1239 1582 ad
1259 1556 1377 1581 venas
1404 1550 1524 1593 agunt
1545 1549 1583 1581 et

249 1614 366 1657 caput
398 1607 541 1655 fontis:
583 1609 692 1657 quod
725 1621 848 1658 genus
884 1608 1011 1659 operis
1047 1608 1130 1648 sine
1164 1610 1244 1647 ullo
1278 1608 1463 1659 periculo,
1500 1607 1583 1647 sine

210 1683 226 1713 5
249 1671 472 1721 suspicione
512 1672 684 1711 hostium
724 1674 850 1712 facere
890 1673 1042 1712 licebat.
1112 1673 1331 1712 Exstruitur
1379 1686 1494 1723 agger
1542 1672 1582 1711 in

248 1736 495 1775 altitudinem
517 1739 664 1787 pedum
688 1750 766 1786 LX,
796 1740 1010 1777 collocatur
1030 1738 1068 1776 in
1092 1752 1139 1777 eo
1167 1737 1278 1776 turris
1305 1739 1445 1777 decem
1475 1738 1584 1777 tabu-

248 1803 427 1849 latorum,
460 1816 540 1841 non
571 1803 732 1853 quidem
762 1818 862 1854 quae
894 1804 1103 1843 moenibus
1133 1806 1382 1854 adaequaret,
1405 1804 1446 1842 id
1476 1803 1581 1842 enim

249 1867 363 1905 nullis
409 1868 593 1918 operibus
639 1869 738 1907 effici
787 1878 949 1920 poterat,
992 1871 1061 1908 sed
1105 1884 1205 1919 quae
1244 1883 1425 1919 superare
1464 1868 1581 1907 fontis

209 1942 227 1973 6
248 1932 442 1982 fastigium
465 1942 607 1983 posset.
670 1937 728 1973 Ex
756 1950 802 1974 ea
830 1950 919 1974 cum
948 1937 1024 1974 tela
1051 1936 1255 1974 tormentis
1285 1935 1503 1974 iacerentur
1530 1935 1581 1973 ad

247 1997 365 2035 fontis
385 1998 535 2037 aditum
558 2013 631 2038 nec
653 2000 736 2039 sine
758 2001 933 2051 periculo
951 2009 1111 2052 possent
1132 2001 1266 2052 aquari
1282 2000 1480 2051 oppidani,
1501 2014 1581 2039 non

247 2069 399 2100 tantum
438 2077 580 2113 pecora
615 2073 734 2115 atque
767 2065 943 2104 iumenta
977 2067 1047 2105 sed
1079 2066 1196 2105 etiam
1231 2080 1373 2117 magna
1406 2065 1579 2104 hostium

247 2126 458 2166 multitudo
479 2128 541 2166 siti
564 2131 880 2169 consumebatur.

294 2241 305 2260 1
335 2230 410 2262 Hoc
429 2236 584 2262 avertere
601 2244 640 2263 a:
669 2233 808 2263 Flumen
827 2233 932 2264 averti
949 2236 972 2268 β
1176 2244 1214 2265 10
1238 2239 1394 2274 aquatum
1407 2233 1454 2264 T:
1479 2243 1578 2273 aqua-

246 2279 354 2304 torum
371 2275 428 2304 al]
556 2286 590 2305 11
619 2276 688 2306 Sub
706 2278 814 2316 ipsum
833 2277 921 2307 enim
941 2277 1055 2318 oppidi
1074 2288 1205 2309 murum
1222 2289 1365 2318 magnus
1381 2280 1404 2312 β
1537 2286 1576 2307 21

245 2326 349 2348 venas
365 2319 507 2350 Kz‘ibler:
534 2329 661 2350 veneas
677 2319 743 2352 RI:
769 2321 887 2351 vineas
906 2321 944 2351 X
1174 2332 1215 2360 24
1240 2331 1284 2353 Lx
1303 2321 1409 2353 DU2:
1434 2331 1470 2352 Vl
1487 2320 1576 2355 A'B:

246 2369 308 2389 sex
326 2361 366 2390 B'

1605 512 1622 544 5

1605 837 1642 860 10

1603 1162 1640 1195 Ι5

1602 1488 1642 1510 20

1604 1818 1640 1850 25

1600 2146 1640 2176 30
