1768 2739
677 124 720 161 C.
756 124 870 160 IVLI
903 124 1171 162 CAESARIS

259 232 556 283 longitudinem,
587 241 629 271 ut
658 240 794 271 natura
824 232 966 271 montis
997 233 1155 280 ferebat,
1179 247 1224 271 ex
1250 232 1462 283 grandibus
1489 232 1588 272 saxis

259 312 325 338 sex
345 300 492 349 pedum
514 312 668 336 murum
690 298 755 348 qui
778 306 953 336 nostrum
975 297 1166 347 impetum
1191 298 1359 336 tardaret
1379 298 1589 347 praeduxe-

259 372 343 402 rant
365 363 467 403 Galli
497 371 615 414 atque
645 363 825 402 inferiore
855 363 962 401 omni
993 362 1118 412 spatio
1146 375 1270 400 vacuo
1297 361 1432 400 relicto
1460 374 1589 412 super-

258 428 379 467 iorem
411 436 560 479 partem
595 428 704 467 collis
740 442 863 478 usque
897 429 946 467 ad
982 441 1135 466 murum
1176 427 1311 478 oppidi
1346 426 1588 466 densissimis

220 506 239 536 4
258 494 391 532 castris
412 496 713 544 compleverant.
776 493 922 532 Milites
950 494 1042 532 dato
1067 493 1178 542 signo
1200 491 1374 531 celeriter
1394 493 1444 531 ad
1465 491 1588 530 muni·
1608 507 1625 538 5

258 560 406 599 tionem
431 560 663 610 perveniunt
692 575 859 612 eamque
886 562 1109 612 transgressi
1140 561 1248 600 trinis
1275 561 1409 599 castris
1436 560 1589 610 potiun-

220 632 237 663 5
258 632 318 663 tur
333 640 343 673 3
371 639 416 663 ac
433 633 539 663 tanta
555 625 626 663 fuit
644 625 681 663 in
698 627 831 665 castris
848 626 1049 677 capiendis
1065 627 1240 665 celeritas
1256 634 1298 664 ut
1314 628 1586 671 Teutomatus,

257 704 322 729 rex
338 692 375 729 N
380 690 616 740 itiobrigum,
634 690 765 729 subito
786 691 825 729 in
847 692 1100 730 tabernaculo
1121 704 1340 741 oppressus,
1360 698 1401 728 ut
1424 689 1587 728 meridie

256 754 545 805 conquieverat,
586 755 783 805 superiore
828 756 1001 806 corporis
1040 764 1147 806 parte
1186 756 1343 802 nudata,
1385 756 1587 793 vulnerato

256 834 359 870 equo
380 819 441 857 vix
462 833 503 858 se
524 834 569 858 ex
591 820 772 859 manibus
792 820 1064 871 praedantium
1087 820 1254 858 militum
1276 819 1449 869 eriperet.

185 883 235 922 47
310 885 558 923 Consecutus
589 885 629 923 id
659 887 766 935 quod
795 886 929 924 animo
959 892 1213 936 proposuerat
1241 886 1385 924 Caesar
1414 883 1587 934 receptui

255 949 342 987 cani
369 949 479 987 iussit
506 949 729 999 legionique
756 950 945 997 decimae,
968 964 1138 1000 quacum
1166 957 1246 988 erat
1267 949 1585 995 †concionatus†‚

220 1032 234 1052 2
255 1013 364 1064 signa
393 1014 594 1052 constituit
610 1030 619 1062 3
657 1028 702 1053 ac
732 1015 967 1065 reliquarum
1002 1015 1201 1065 legionum
1232 1014 1385 1061 milites,
1417 1028 1497 1053 non
1528 1028 1588 1053 ex-

254 1078 389 1118 audito
424 1092 523 1117 sono
553 1080 682 1126 tubae,
716 1081 824 1129 quod
859 1080 950 1118 satis
985 1093 1126 1130 magna
1156 1081 1274 1118 valles
1306 1079 1584 1126 intercedebat,

255 1152 386 1183 tamen
407 1145 456 1182 ab
479 1143 642 1182 tribunis
664 1143 830 1182 militum
853 1144 1077 1195 legatisque,
1096 1151 1138 1182 ut
1162 1151 1242 1182 erat
1257 1157 1279 1182 a
1295 1145 1462 1183 Caesare
1482 1156 1587 1193 prae-

218 1216 424 1259 3ceptum,
467 1208 742 1247 retinebantur.
808 1210 886 1247 Sed
925 1208 1014 1247 elati
1054 1222 1122 1259 spe
1161 1207 1296 1247 celeris
1334 1207 1517 1246 victoriae
1549 1215 1587 1246 et

255 1273 427 1312 hostium
461 1275 550 1323 fuga
584 1281 621 1311 et
661 1273 903 1324 superiorum
944 1281 1167 1324 temporum
1200 1272 1383 1311 secundis
1417 1271 1584 1322 proeliis,

255 1338 349 1377 nihil
371 1340 472 1377 adeo
491 1339 657 1377 arduum
680 1338 753 1377 sibi
775 1352 859 1377 esse
881 1338 1196 1377 existimaverunt
1218 1338 1326 1387 quod
1347 1351 1426 1375 non
1447 1336 1586 1374 virtute

254 1403 443 1453 consequi
464 1411 636 1453 possent,
652 1417 780 1453 neque
801 1404 919 1442 finem
942 1403 1047 1453 prius
1068 1403 1259 1453 sequendi
1276 1404 1450 1441 fecerunt
1467 1415 1584 1451 quam

216 1480 366 1509 4muro
405 1467 540 1518 oppidi
580 1467 780 1518 portisque
819 1467 1191 1518 appropinquarunt.
1266 1469 1371 1505 Tum
1410 1479 1501 1504 vero
1540 1480 1586 1504 ex

254 1532 438 1570 omnibus
470 1532 574 1570 urbis
605 1532 778 1582 partibus
808 1540 893 1571 orto
932 1534 1114 1579 clamore,
1146 1532 1213 1582 qui
1242 1531 1396 1582 longius
1425 1531 1586 1570 aberant

255 1596 458 1647 repentino
489 1598 658 1635 tumultu
689 1597 889 1647 perterriti,
912 1610 1002 1635 cum
1033 1598 1188 1636 hostem
1219 1596 1318 1635 intra
1344 1604 1474 1647 portas
1502 1608 1586 1633 esse

217 1673 232 1702 5
254 1660 528 1708 existimarent,
551 1675 636 1700 sese
657 1675 703 1699 ex
730 1661 879 1712 oppido
907 1661 1115 1700 eiecerunt.
1178 1663 1326 1699 Matres
1347 1660 1515 1699 familiae
1536 1661 1586 1699 de

254 1740 365 1764 muro
389 1734 537 1764 vestem
567 1733 850 1776 argentumque
880 1726 1088 1773 iactabant,
1115 1734 1153 1764 et
1180 1733 1338 1776 pectore
1364 1725 1473 1764 nudo
1502 1737 1586 1774 pro-

253 1790 447 1829 minentes
486 1790 607 1840 passis
647 1791 828 1829 manibus
862 1791 1160 1829 obtestabantur
1196 1792 1399 1828 Romanos
1438 1796 1480 1827 ut
1511 1787 1585 1827 sibi

253 1864 454 1906 parcerent
476 1869 564 1902 neu,
583 1855 681 1894 sicut
696 1855 851 1894 Avarici
869 1855 1063 1902 fecissent,
1079 1869 1128 1893 ne
1141 1869 1164 1893 a
1180 1854 1407 1893 mulieribus
1424 1853 1584 1904 quidem

216 1929 234 1959 6
253 1928 370 1970 atque
387 1920 600 1959 infantibus
616 1921 857 1959 abstinerent
874 1936 880 1958 :
910 1934 991 1958 non
1009 1921 1139 1958 nullae
1161 1921 1211 1959 de
1233 1933 1344 1958 muro
1361 1933 1430 1970 per
1445 1931 1584 1957 manus

218 1984 446 2027 7demissae
485 1998 569 2024 sese
609 1985 797 2024 militibus
837 1985 1052 2023 tradebant.
1125 1986 1167 2022 L.
1211 1984 1365 2031 Fabius,
1408 1981 1585 2022 centurio

253 2049 415 2100 legionis
436 2062 536 2097 V111.,
560 2064 678 2100 quem
706 2050 806 2088 inter
835 2063 926 2088 suos
957 2062 1004 2088 eo
1034 2049 1098 2088 die
1128 2048 1271 2088 dixisse
1300 2048 1506 2088 constabat
1526 2062 1586 2087 ex-

252 2114 358 2152 citari
397 2128 438 2152 se
472 2114 774 2153 Avaricensibus
813 2113 994 2164 praemiis
1033 2127 1163 2164 neque
1202 2113 1503 2152 commissurum
1542 2120 1585 2151 ut

252 2178 355 2229 prius
388 2181 595 2230 quisquam
624 2193 778 2218 murum
808 2180 1048 2226 ascenderet,
1076 2178 1142 2217 tris
1177 2192 1269 2217 suos
1298 2185 1436 2217 nactus
1466 2177 1585 2216 mani-

294 2294 313 2313 2
338 2284 411 2315 ηῗιτι
440 2284 513 2316 (ie.
544 2286 714 2320 nostrum)
743 2284 798 2314 X:
838 2288 1030 2314 nostrorum
1058 2283 1103 2314 ed.
1124 2294 1141 2313 1
1322 2293 1338 2322 7
1364 2283 1583 2313 Teutomatus

252 2327 381 2357 Aldus:
422 2328 623 2358 Votomatus
654 2327 747 2362 A'ss:
786 2327 1028 2367 Votomapatus
1045 2326 1088 2357 B‘
1255 2336 1293 2357 12
1316 2326 1510 2365 legionique
1541 2336 1582 2355 a:

252 2370 465 2410 legionisque
482 2373 505 2405 β
687 2371 903 2402 concionatus
920 2383 940 2401 α
955 2381 961 2400 :
1001 2371 1218 2402 contionatus
1234 2372 1257 2404 β
1272 2381 1278 2400 :
1319 2370 1438 2401 clivom
1466 2373 1583 2400 nactus

252 2413 381 2444 Hellcr:
408 2415 565 2445 continuo
583 2426 643 2445 von
665 2414 760 2444 Gc'ilcr
892 2424 931 2453 27
957 2424 1051 2445 muro
1069 2416 1091 2449 β
1107 2426 1112 2444 :
1139 2414 1243 2444 muris
1260 2425 1279 2442 α

1609 829 1649 852 10

1611 1153 1646 1186 ¹5

1609 1478 1647 1500 20

1607 1801 1645 1833 ²5

1606 2124 1645 2155 30
