1768 2739
120 403 174 440 30

129 1182 171 1218 31

612 154 655 190 C.
692 154 804 190 IVLI
837 154 1010 190 (JAESA
1021 155 1105 191 Rls

195 263 380 301 omnibus
408 263 612 301 constabat
641 263 812 301 hiemare
840 263 877 300 in
907 264 1032 302 Gallia
1061 271 1252 313 oportere,
1281 266 1519 304 frumentum

195 328 254 366 bis
277 327 314 365 in
336 328 431 366 locis
453 328 490 365 in
514 328 682 366 hiemem
705 328 903 378 provisum
926 343 1004 367 non
1027 337 1117 367 erat.

249 392 406 442 Quibus
444 393 560 431 rebus
599 393 777 443 cognitis,
818 393 1013 443 principes
1055 394 1290 441 Britanniae,
1327 395 1393 445 qui
1432 404 1521 445 post

193 457 386 507 proelium
413 460 463 496 ad
485 459 695 497 Caesarem
723 466 998 505 convenerant,
1022 458 1121 497 inter
1145 473 1186 498 se
1211 460 1407 508 collocuti,
1430 473 1521 499 cum

193 522 343 572 equites
365 530 402 561 et
423 523 532 561 navis
553 531 591 561 et
608 525 847 562 frumentum
867 523 1059 562 Romanis
1087 525 1224 563 deesse
1252 524 1522 575 intellegerent
1541 541 1558 573 5

192 594 230 625 et
245 587 482 637 paucitatem
505 588 673 626 militum
695 602 741 626 ex
761 595 976 626 castrorum
997 589 1205 638 exiguitate
1225 598 1520 639 cognoscerent,

192 665 293 702 quae
320 653 396 690 hoc
425 660 535 690 erant
562 652 679 690 etiam
716 653 941 702 angustiora
974 655 1083 703 quod
1113 653 1197 692 sine
1226 654 1521 704 impedimentis

192 717 337 756 Caesar
364 717 537 766 legiones
568 725 905 767 transportaverat,
935 718 1129 768 optimum
1159 720 1263 757 factu
1293 732 1379 758 esse
1405 721 1522 758 duxe-

191 790 291 829 runt,
317 782 532 821 rebellione
561 784 673 830 facta,
700 784 897 821 frumento
925 790 1229 833 commeatuque
1255 791 1410 823 nostros
1436 797 1521 834 pro-

191 847 326 885 hibere
347 855 384 886 et
405 861 486 886 rem
512 847 551 885 in
577 847 749 887 hiemem
777 850 1005 898 producere,
1029 850 1138 898 quod
1165 848 1220 887 eis
1242 849 1432 899 superatis
1453 857 1520 888 aut

191 912 317 951 reditu
345 913 564 952 interclusis
596 913 796 953 neminem
825 922 962 964 postea
992 914 1083 953 belli
1111 914 1303 953 inferendi
1338 927 1455 953 causa
1481 915 1521 952 in

193 977 435 1017 Britanniam
471 979 722 1018 transiturum
754 980 1019 1018 confidebant.
1083 980 1234 1029 Itaque,
1267 992 1397 1017 rursus
1432 993 1523 1018 con-

192 1042 383 1082 iuratione
410 1045 522 1091 facta,
544 1044 732 1094 paulatim
761 1058 807 1083 ex
834 1045 967 1083 castris
992 1044 1194 1084 discedere
1220 1057 1266 1083 ac
1301 1058 1392 1083 suos
1420 1046 1520 1083 clam

192 1121 238 1145 ex
258 1108 358 1157 agris
379 1109 576 1148 deducere
597 1117 822 1160 coeperunt.

246 1174 298 1210 At
316 1174 470 1220 Caesar,
489 1174 559 1212 etsi
582 1175 760 1213 nondum
783 1188 918 1213 eorum
940 1174 1104 1213 consilia
1124 1182 1372 1225 cognoverat,
1387 1182 1519 1214 tamen

192 1246 228 1276 et
259 1251 305 1275 ex
335 1246 477 1276 eventu
509 1239 667 1277 navium
696 1252 851 1277 suarum
883 1247 921 1277 et
948 1253 994 1278 ex
1021 1253 1069 1278 eo
1099 1242 1207 1289 quod
1240 1240 1400 1279 obsides
1427 1241 1520 1279 dare

155 1320 168 1340 2
191 1302 478 1341 intermiserant
508 1304 590 1342 fore
620 1303 660 1342 id
702 1306 810 1353 quod
844 1304 988 1342 accidit
1027 1304 1307 1354 suspicabatur.
1380 1306 1520 1354 Itaque

120 1831 170 1868 32

154 2226 168 2247 2

190 1369 239 1405 ad
268 1368 396 1405 omnis
423 1382 536 1406 casus
564 1368 739 1407 subsidia
767 1369 1030 1418 comparabat.
1092 1371 1195 1408 Nam
1221 1378 1258 1408 et
1278 1371 1518 1408 frumentum

190 1445 235 1469 ex
269 1432 368 1481 agris
403 1433 548 1471 cotidie
583 1433 622 1471 in
662 1441 786 1471 castra
821 1434 1048 1472 conferebat
1078 1442 1126 1481 et,
1158 1448 1260 1485 quae
1293 1434 1519 1484 gravissime

189 1496 370 1534 adflictae
392 1505 500 1535 erant
522 1511 650 1544 naves,
674 1511 807 1536 earum
836 1499 996 1537 materia
1022 1506 1141 1548 atque
1167 1513 1255 1537 aere
1279 1501 1330 1537 ad
1351 1500 1518 1550 reliquas

190 1560 419 1599 reficiendas
448 1562 629 1600 utebatur
659 1570 696 1600 et
727 1576 828 1612 quae
859 1565 910 1601 ad
945 1576 1010 1601 eas
1034 1577 1093 1601 res
1119 1571 1227 1602 erant
1249 1563 1335 1602 usui
1356 1578 1402 1603 ex
1429 1578 1519 1603 con-

190 1625 327 1663 tinenti
368 1627 602 1675 comportari
638 1627 808 1665 iubebat.
875 1629 1026 1677 Itaque,
1062 1641 1151 1665 cum
1193 1641 1349 1667 summo
1388 1629 1519 1667 studio

189 1703 211 1727 a
238 1689 425 1728 militibus
452 1691 798 1738 administraretur,
825 1703 885 1729 ΧΠ
915 1692 1080 1730 navibus
1106 1691 1270 1739 amissis,
1293 1692 1450 1743 reliquis
1477 1701 1519 1731 ut

189 1753 359 1803 navigari
387 1756 599 1794 commode
626 1763 757 1805 posset
783 1756 919 1795 effecit.

246 1820 351 1856 Dum
379 1833 424 1857 ea
451 1827 647 1869 geruntur,
672 1820 825 1869 legione
855 1834 901 1859 ex
931 1822 1219 1861 consuetudine
1246 1835 1325 1860 una
1350 1823 1519 1861 frumen-

189 1890 312 1921 tatum
344 1883 462 1921 missa
492 1897 593 1933 quae
624 1886 895 1934 appellabatur
925 1886 1102 1935 septima,
1132 1900 1261 1936 neque
1288 1888 1366 1925 ulla
1394 1888 1446 1925 ad
1477 1887 1518 1926 id

188 1954 343 1997 tempus
371 1948 462 1985 belli
491 1948 716 1998 suspicione
745 1949 984 2000 interposita,
1011 1964 1101 1988 cum
1128 1964 1216 2001 pars
1243 1951 1450 1990 hominum
1477 1952 1516 1990 in

187 2013 287 2062 agris
313 2021 541 2060 remaneret,
568 2027 656 2063 pars
684 2014 802 2053 etiam
831 2014 870 2052 in
899 2022 1023 2053 castra
1050 2015 1266 2063 ventitaret,
1294 2016 1329 2054 ei
1354 2016 1420 2066 qui
1446 2029 1518 2066 pro

188 2078 309 2128 portis
348 2086 561 2117 castrorum
603 2079 642 2117 in
682 2080 851 2118 statione
889 2087 998 2118 erant
1038 2081 1195 2119 Caesari
1241 2080 1517 2119 nuntiaverunt

189 2144 387 2192 pulverem
429 2143 616 2182 maiorem
657 2158 776 2194 quam
816 2146 1065 2183 consuetudo
1103 2147 1218 2184 ferret
1256 2145 1295 2183 in
1330 2159 1376 2184 ea
1409 2152 1517 2195 parte

190 2207 309 2245 videri
331 2222 449 2257 quam
475 2209 513 2247 in
546 2217 695 2259 partem
725 2209 827 2259 legio
854 2210 924 2247 iter
951 2209 1115 2248 fecisset.
1177 2211 1321 2249 Caesar
1347 2209 1387 2248 id
1408 2211 1516 2259 quod

190 2280 269 2310 erat
309 2274 538 2322 suspicatus,
579 2273 729 2323 aliquid
768 2273 858 2312 novi
897 2287 919 2311 a
967 2273 1139 2311 barbaris
1184 2273 1324 2312 initum
1363 2273 1511 2319 consili,

189 2337 360 2374 cohortis
393 2350 494 2386 quae
526 2338 564 2375 in
600 2338 833 2377 stationibus
868 2345 976 2376 erant
1011 2351 1144 2376 secum
1174 2338 1213 2376 in
1246 2351 1332 2376 eam
1364 2345 1513 2387 partem

311 2449 323 2468 r
350 2439 497 2469 hiemare
515 2452 533 2469 α
548 2451 553 2469 t
580 2441 717 2471 hiemari
734 2442 756 2475 β
911 2450 948 2479 13
973 2451 1010 2471 ac
1028 2440 1072 2472 ed.
1087 2446 1137 2480 pr.
1152 2452 1157 2470 :
1184 2446 1240 2471 aut
1256 2452 1275 2470 α
1290 2452 1295 2470 :
1321 2445 1354 2471 et
1371 2443 1393 2475 β

1544 865 1582 887 10

1542 1189 1578 1221 15

1541 1513 1579 1536 20

1541 1839 1576 1870 25

1537 2161 1576 2191 30
