1768 2739
416 173 490 209 DE
522 173 701 209 BELLO
732 172 975 209 GALLICO
1007 173 1106 208 LIB.
1141 172 1245 208 VIII

168 280 436 331 exercitusque
474 294 521 319 eo
560 287 735 330 tempore
774 280 945 326 fuissent,
987 293 1111 330 pauca
1151 293 1234 318 esse
1283 279 1487 318 scribenda

167 345 520 395 coniungendaque
549 344 640 382 huic
670 344 952 382 commentario
983 344 1107 383 statui.

221 412 365 449 Caesar
392 409 432 447 in
459 408 595 458 Belgio
624 422 714 446 cum
744 408 941 455 hiemaret,
968 422 1090 447 unum
1120 408 1216 447 illud
1245 408 1488 459 propositum
1508 415 1564 453 49

167 475 339 514 habebat
379 473 578 512 continere
616 473 656 511 in
694 473 864 511 amicitia
910 473 1094 520 civitates,
1136 473 1231 511 nulli
1267 486 1375 523 spem
1423 480 1490 510 aut

131 556 148 588 5
168 553 325 578 causam
355 539 447 577 dare
474 551 682 577 armorum.
762 538 869 576 Nihil
897 538 1001 576 enim
1028 538 1157 576 minus
1186 538 1343 576 volebat
1373 551 1491 587 quam
1514 551 1528 572 2

168 605 240 643 sub
265 605 469 642 decessum
494 616 608 641 suum
632 602 905 641 necessitatem
933 602 1006 640 sibi
1029 602 1201 652 aliquam
1225 601 1375 652 imponi
1400 601 1493 640 belli

167 668 336 719 gerendi,
368 682 428 714 ne,
461 681 551 706 cum
582 668 793 706 exercitum
823 669 1062 706 deducturus
1098 674 1209 714 esset,
1243 667 1391 705 bellum
1429 666 1494 704 ali-

169 734 277 784 quod
296 733 576 784 relinqueretur
596 735 704 784 quod
725 733 851 772 omnis
874 733 1000 771 Gallia
1015 733 1181 771 libenter
1197 732 1279 771 sine
1299 732 1493 783 praesenti

170 799 342 850 periculo
363 798 584 849 susciperet.
657 800 796 848 Itaque
816 798 1030 836 honorifice
1051 797 1224 835 civitates
1245 797 1491 846 appellando,
1515 809 1532 839 3

114 883 153 905 10
171 863 364 914 principes
402 863 580 901 maximis
618 862 798 913 praemiis
836 862 1070 908 adficiendo,
1102 863 1208 899 nulla
1246 874 1364 899 onera
1393 873 1494 898 nova

171 928 423 978 iniungendo,
460 929 654 967 defessam
694 935 751 966 tot
789 926 961 966 adversis
999 926 1156 976 proeliis
1197 925 1362 964 Galliam
1404 938 1494 963 con-

171 993 328 1033 dicione
348 993 510 1044 parendi
531 992 691 1031 meliore
712 991 824 1030 facile
845 991 884 1029 in
906 1004 1003 1041 pace
1023 990 1229 1030 continuit.

227 1060 318 1108 Ipse
344 1058 517 1097 hibernis
546 1057 711 1108 peractis
742 1063 877 1095 contra
907 1055 1237 1095 consuetudinem
1266 1054 1306 1092 in
1338 1053 1491 1092 Italiam
1512 1059 1567 1099 50

172 1137 291 1173 quam
329 1123 507 1162 maximis
544 1123 747 1161 itineribus
786 1130 843 1160 est
882 1123 1091 1171 profectus,
1123 1128 1165 1159 ut
1203 1119 1418 1169 municipia
1456 1126 1493 1157 et

117 1206 153 1238 15
174 1189 347 1228 colonias
376 1190 588 1239 appellaret
617 1188 759 1238 quibus
791 1189 845 1225 M.
878 1186 1027 1225 Antoni
1057 1185 1273 1236 quaestoris
1303 1184 1362 1222 sui
1391 1196 1495 1222 com-

173 1255 424 1292 mendaverat
441 1252 633 1292 sacerdoti
653 1252 893 1302 petitionem.
954 1250 1233 1291 Contendebat
1249 1249 1354 1287 enim
1375 1248 1495 1298 gratia
1517 1260 1531 1281 2

171 1331 263 1357 cum
284 1318 449 1357 libenter
479 1331 549 1368 pro
579 1317 740 1356 homine
770 1317 842 1355 sibi
871 1315 1205 1361 coniunctissimo,
1229 1327 1347 1364 quem
1377 1315 1495 1364 paulo

170 1391 261 1423 ante
280 1384 531 1434 praemiserat
550 1384 600 1422 ad
621 1382 862 1433 petitionem,
882 1390 964 1420 tum
980 1381 1118 1419 acriter
1133 1387 1269 1418 contra
1284 1378 1493 1417 factionem

172 1456 209 1486 et
247 1448 464 1498 potentiam
503 1460 728 1498 paucorum,
767 1446 833 1496 qui
868 1448 921 1483 M.
952 1444 1101 1483 Antoni
1136 1445 1289 1493 repulsa
1318 1441 1494 1481 Caesaris

115 1528 153 1551 20
173 1513 401 1551 decedentis
421 1512 583 1562 gratiam
604 1512 823 1550 convellere
844 1509 1065 1560 cupiebant.
1145 1510 1268 1546 Hunc
1288 1506 1360 1545 etsi
1379 1520 1495 1556 augu-
1517 1519 1533 1548 3

173 1591 253 1616 rem
274 1578 379 1627 prius
400 1579 546 1616 factum
564 1590 682 1627 quarn
700 1576 853 1615 Italiam
870 1575 1075 1624 attingeret
1095 1574 1135 1611 in
1156 1573 1292 1611 itinere
1307 1571 1493 1617 audierat,

172 1650 303 1681 tamen
325 1656 404 1681 non
426 1642 555 1680 minus
577 1641 718 1679 iustam
744 1640 817 1679 sibi
844 1653 1002 1678 causam
1030 1637 1243 1687 municipia
1264 1644 1301 1674 et
1322 1635 1495 1674 colonias

171 1707 344 1746 adeundi
365 1706 608 1753 existimavit,
631 1714 673 1744 ut
700 1705 754 1744 eis
782 1704 920 1754 gratias
944 1710 1073 1753 ageret
1101 1702 1210 1752 quod
1236 1699 1494 1750 frequentiam

172 1778 289 1821 atque
316 1771 487 1810 officium
515 1784 630 1809 suurn
656 1768 832 1808 Antonio
859 1767 1150 1818 praestitissent,
1174 1765 1368 1814 simulque
1393 1777 1433 1802 se
1458 1770 1494 1801 et
1513 1775 1532 1804 4

115 1850 152 1883 25
173 1837 363 1874 honorem
384 1850 499 1875 suurn
524 1835 722 1885 sequentis
751 1833 844 1872 anni
868 1833 1163 1872 commendaret
1190 1829 1389 1880 petitione,
1412 1841 1496 1877 pro-

173 1908 304 1950 pterea
317 1903 424 1951 quod
441 1901 652 1939 insolenter
667 1898 875 1938 adversarii
891 1897 949 1936 sui
963 1895 1215 1947 gloriarentur
1228 1896 1271 1932 L.
1284 1894 1495 1931 Lentulum

173 1972 210 2002 et
231 1966 275 2004 C.
301 1966 532 2003 Marcellum
562 1965 744 2003 consules
775 1969 925 2001 creatos
955 1961 1022 2011 qui
1053 1972 1213 1998 omnem
1242 1959 1433 1996 honorem
1459 1963 1495 1994 et

173 2028 402 2078 dignitatem
417 2028 593 2068 Caesaris
615 2027 837 2078 spoliarent,
856 2033 1034 2076 ereptum
1055 2026 1132 2063 Ser.
1150 2023 1300 2061 Galbae
1320 2021 1497 2059 consula-

174 2099 269 2139 tum,
298 2106 388 2130 cum
413 2092 444 2130 is
469 2094 593 2131 multo
619 2093 706 2141 plus
731 2090 851 2140 gratia
878 2088 1146 2138 suffragiisque
1172 2085 1364 2131 valuisset,
1387 2085 1496 2133 quod

116 2171 156 2201 30
174 2158 248 2197 sibi
282 2159 514 2197 coniunctus
546 2165 584 2196 et
617 2156 875 2196 familiaritate
906 2163 944 2194 et
973 2152 1260 2194 consuetudine
1293 2149 1496 2200 legationis

174 2230 284 2261 esset.

229 2289 426 2338 Exceptus
457 2294 515 2326 est
549 2286 725 2327 Caesaris
754 2286 945 2324 adventus
974 2283 1024 2322 ab
1054 2282 1238 2321 omnibus
1273 2278 1494 2329 municipiis
1513 2286 1556 2325 51

218 2391 240 2419 6
264 2391 440 2420 decessum
458 2391 479 2423 β
496 2401 502 2420 :
527 2390 685 2419 descessu
703 2388 764 2419 R':
799 2387 950 2417 discessu
967 2385 1011 2415 A'
1072 2395 1133 2414 suo
1145 2395 1169 2418 ,α
1348 2392 1388 2412 10
1412 2391 1497 2412 nova

177 2443 242 2465 om.
261 2432 340 2464 AB‘
428 2441 469 2471 25
493 2432 701 2471 insequentis
717 2432 740 2465 β
829 2439 871 2468 3ο
895 2427 1156 2467 consuetudine]
1176 2425 1427 2456 necessitudine
1444 2426 1466 2459 β
