1768 2739
414 168 487 206 DE
518 168 696 206 BELLO
727 168 972 206 GALLICO
1005 169 1105 205 LIB.
1138 170 1243 206 VIII

165 280 312 329 legatos
344 280 384 319 in
416 279 579 319 hiberna
617 278 801 317 deduxit:
842 285 1025 328 quattuor
1063 279 1234 329 legiones
1274 279 1312 317 in
1350 279 1524 329 Belgio4

165 343 370 382 collocavit
398 357 487 382 cum
519 345 573 381 M.
606 342 782 381 Antonio
814 350 851 381 et
883 345 926 382 C.
950 343 1151 381 Trebonio
1185 351 1223 382 et
1253 346 1293 382 P.
1328 344 1487 383 Vatinio

165 408 297 457 legatis
312 423 322 456 3
352 409 448 447 duas
468 407 640 458 legiones
661 407 700 445 in
728 409 889 446 Aeduos
917 408 1090 455 deduxit,
1113 422 1278 458 quorum
1310 408 1348 446 in
1379 409 1487 447 omni

165 472 291 510 Gallia
312 485 505 510 summam
526 485 611 510 esse
631 472 903 510 auctoritatem
931 472 1079 510 sciebat
1094 487 1103 520 3
1133 474 1230 511 duas
1252 473 1290 510 in
1317 474 1486 511 Turonis

125 537 214 580 5ad
252 536 338 574 finis
373 537 590 575 Carnutum
623 536 765 586 posuit,
806 549 906 585 quae
945 549 1105 575 omnem
1144 537 1249 575 illam
1288 537 1486 587 regionem

163 600 413 638 coniunctam
445 601 606 639 Oceano
637 601 907 648 continerent3
948 602 1046 639 duas
1077 601 1243 651 reliquas
1273 601 1312 639 in
1349 604 1487 640 Lemo-

162 663 290 702 vicum
320 664 462 702 finibus
494 678 573 703 non
604 667 719 715 longe
747 666 798 703 ab
824 665 1019 712 Arvernis,
1043 679 1092 704 ne
1117 679 1193 715 qua
1220 679 1307 715 pars
1336 667 1486 706 Galliae

162 742 283 766 vacua
312 729 362 767 ab
397 729 566 768 exercitu
601 737 711 768 esset.
774 731 925 768 Paucos
965 729 1048 768 dies
1088 729 1170 780 ipse
1208 729 1248 767 in
1287 731 1486 780 provincia
1506 748 1521 778 5

163 800 344 840 moratus,
385 807 474 831 cum
523 794 697 832 celeriter
735 794 862 832 omnis
908 801 1124 832 conventus
1171 795 1481 844 percucurrisset‚

106 872 144 893 10
162 857 336 907 publicas
382 859 663 897 controversias
711 866 930 909 cognosset,
971 860 1072 897 bene
1121 859 1266 898 meritis
1313 861 1523 910 praemia6

161 922 679 973 tribuisset—cognoscendi
701 923 806 961 enim
835 923 1045 961 maximam
1067 925 1290 962 facultatem
1313 925 1484 964 habebat

160 987 265 1037 quali
299 988 464 1039 quisque
495 989 629 1028 fuisset
662 989 794 1027 animo
833 989 872 1026 in
913 989 1030 1027 totius
1066 989 1216 1028 Galliae
1250 990 1483 1037 defectione,

159 1066 277 1102 quarn
299 1053 531 1092 sustinuerat
553 1053 739 1092 fidelitate
766 1061 883 1103 atque
910 1053 1060 1092 auxiliis
1086 1054 1308 1103 provinciae
1330 1054 1484 1093 illius—

160 1116 218 1154 his
257 1118 445 1157 confectis
485 1119 610 1166 rebus,
651 1120 702 1157 ad
740 1119 912 1168 legiones
956 1119 994 1156 in
1036 1118 1213 1169 Belgium
1257 1133 1297 1158 se
1339 1120 1521 1170 recepit>-

103 1196 138 1228 15
159 1181 455 1233 hibernavitque
476 1185 809 1222 Nemetocennae.

213 1246 275 1285 Ibi
295 1248 496 1298 cognoscit
518 1248 746 1288 Commium
772 1249 999 1287 Atrebatem
1022 1250 1170 1300 proelio
1192 1263 1281 1288 cum
1304 1250 1479 1300 equitatu
1498 1262 1548 1301 47

157 1325 229 1350 suo
249 1314 510 1352 contendisse.
572 1316 675 1352 Nam
707 1327 797 1352 cum
819 1314 1016 1353 Antonius
1049 1314 1087 1353 in
1119 1315 1282 1354 hiberna
1312 1315 1481 1354 venisset
1502 1331 1516 1351 2

157 1376 370 1427 civitasque
401 1379 634 1417 Atrebatum
668 1378 707 1416 in
740 1379 869 1417 officio
901 1386 1013 1426 esset,
1048 1380 1265 1427 Commius,
1295 1380 1362 1429 qui
1393 1387 1481 1430 post

156 1440 261 1480 illam
282 1443 591 1482 vulnerationem
622 1457 739 1493 quam
774 1457 890 1493 supra
921 1445 1227 1483 commemoravi
1255 1458 1408 1495 semper
1431 1447 1482 1484 ad

99 1520 138 1542 20
156 1506 284 1545 omnis
305 1515 435 1546 motus
463 1516 618 1558 paratus
651 1508 729 1547 suis
760 1508 911 1547 civibus
944 1523 1028 1548 esse
1059 1517 1298 1556 consuesset,
1322 1523 1371 1548 ne
1391 1523 1482 1548 con-

156 1570 240 1608 silia
270 1571 362 1609 belli
396 1573 674 1621 quaerentibus
707 1581 843 1611 auctor
880 1587 1077 1612 armorum
1117 1575 1275 1624 duxque
1313 1575 1478 1621 deesset,

154 1643 314 1684 parente
349 1637 541 1675 Romanis
580 1637 735 1675 civitate
775 1651 865 1675 cum
905 1638 983 1676 suis
1029 1638 1226 1688 equitibus
1269 1638 1518 1685 latrocinii53

154 1713 195 1737 se
224 1713 395 1750 suosque
427 1702 557 1740 alebat
594 1701 823 1752 infestisque
856 1702 1059 1742 itineribus
1094 1711 1337 1742 commeatus
1376 1717 1481 1743 com-

154 1764 272 1813 pluris
307 1765 375 1815 qui
413 1767 762 1815 comportabantur
793 1767 832 1805 in
865 1768 1028 1806 hiberna
1060 1770 1333 1807 Romanorum
1367 1768 1480 1808 inter-

96 1843 110 1863 2
116 1842 132 1873 5
153 1826 332 1877 cipiebat.

208 1893 300 1931 Erat
319 1894 526 1934 attributus
547 1896 724 1935 Antonio
746 1899 964 1947 praefectus
987 1898 1163 1948 equitum
1185 1900 1228 1938 C.
1252 1900 1477 1938 Volusenus
1496 1898 1548 1944 48

153 1957 376 2004 Quadratus
415 1959 483 2009 qui
521 1974 611 1999 cum
651 1975 698 2000 eo
738 1962 969 2002 hibernaret.
1030 1965 1153 2002 Hunc
1191 1963 1389 2002 Antonius
1427 1966 1477 2003 ad

152 2024 467 2071 persequendum
507 2025 724 2075 equitatum
763 2027 936 2066 hostium
977 2028 1104 2066 mittit.
1164 2030 1387 2067 Volusenus
1426 2031 1476 2068 ad
1498 2048 1512 2068 2

151 2098 237 2123 eam
271 2085 451 2126 virtutem
486 2102 587 2138 quae
618 2090 820 2141 singularis
855 2100 935 2131 erat
965 2092 1004 2130 in
1040 2107 1087 2131 eo
1119 2106 1305 2143 magnum
1340 2093 1476 2132 odium

92 2165 131 2196 30
151 2150 310 2188 Commi
335 2152 585 2203 adiungebat,
608 2168 688 2205 quo
718 2155 903 2195 libentius
933 2157 973 2196 id
1003 2159 1146 2196 faceret
1177 2159 1286 2208 quod
1315 2157 1477 2208 impera-

151 2213 272 2252 batur.
334 2217 474 2266 Itaque
508 2218 707 2269 dispositis
741 2220 891 2260 insidiis
926 2222 1080 2272 saepius
1116 2223 1266 2272 equites
1302 2223 1384 2261 eius
1415 2237 1476 2273 ag-

148 2291 300 2327 gressus
339 2283 513 2320 secunda
546 2284 693 2333 proelia
726 2285 902 2324 faciebat.
963 2287 1199 2334 Novissime,
1236 2301 1326 2326 cum
1361 2289 1473 2327 vehe-
1495 2304 1511 2334 3

192 2393 210 2412 2
229 2386 305 2422 post
317 2383 454 2414 Vatinio
471 2384 547 2416 add.
564 2386 673 2418 Tullio
690 2389 713 2421 β
728 2398 735 2417 :
767 2393 800 2419 et
818 2389 857 2427 Q.
875 2389 983 2420 Tullio
1001 2389 1113 2420 Aldus
1292 2402 1328 2430 14
1355 2392 1472 2432 recipit

148 2425 370 2466 hibernatque
390 2427 432 2458 B*
610 2439 651 2469 29
670 2434 746 2471 post
761 2442 833 2462 eam
851 2432 925 2464 add.
946 2437 1074 2472 partam
1097 2436 1241 2475 (partem
1265 2433 1310 2477 Τ)
1328 2437 1350 2470 β
