1706 2729
75 837 114 859 10

72 1473 111 1494 20

69 2119 110 2149 30

423 140 497 176 DE
528 138 706 177 BELLO
737 136 1113 177 GALLICO'LIB.
1145 141 1162 177 Ι

134 262 349 299 eorumque
378 261 490 298 agros
518 249 816 298 populabantur.
878 249 1017 296 Aedui,
1041 264 1131 288 cum
1162 264 1202 289 se
1229 264 1376 301 suaque
1402 251 1453 289 ab
1476 264 1489 283 2

134 312 189 351 eis
221 313 431 351 defendere
464 325 545 350 non
584 320 754 361 possent,
786 314 933 362 legatos
970 314 1021 351 ad
1056 303 1264 352 Caesarem
1294 315 1453 353 mittunt

135 385 310 425 rogatum
330 374 515 413 auxilium
532 390 538 413 :
568 375 622 413 ita
641 389 682 414 se
703 375 810 414 omni
831 383 1007 425 tempore
1034 378 1083 414 de
1103 379 1251 426 populo
1269 380 1453 417 Romano
1476 391 1492 420 3

135 439 291 478 meritos
322 453 407 477 esse
444 447 486 477 ut
520 452 645 488 paene
679 439 718 477 in
751 448 965 489 conspectu
1004 440 1193 479 exercitus
1224 442 1345 480 nostri
1373 443 1454 492 agri

133 502 281 549 vastari,
305 502 415 541 liberi
435 516 571 542 eorum
593 503 632 541 in
653 503 877 542 servitutem
898 503 1054 550 abduci,
1076 504 1223 554 oppida
1243 506 1453 555 expugnari

133 580 213 605 non
233 567 450 605 debuerint.
512 569 665 606 Eodem
687 576 862 618 tempore
883 568 1013 607 Aedui
1032 568 1223 615 Ambarri,
1247 570 1453 609 necessarii
1473 580 1491 609 4

132 637 170 668 et
208 630 488 680 consanguinei
533 633 773 679 Aeduorum,
816 633 1025 671 Caesarem
1064 632 1267 671 certiorem
1305 633 1452 672 faciunt

132 707 225 741 sese,
249 695 497 745 depopulatis
525 695 635 745 agris,
659 709 739 734 non
769 696 882 734 facile
910 696 961 733 ab
991 696 1146 746 oppidis
1170 696 1248 734 vim
1280 697 1451 736 hostium

132 758 348 808 prohibere.
410 761 510 798 Item
546 760 788 810 Allobroges,
826 760 892 810 qui
927 768 1031 798 trans
1070 762 1312 799 Rhodanum
1346 761 1453 800 vicos
1475 772 1491 802 5

132 823 479 873 possessionesque
508 824 718 871 habebant,
742 825 832 873 fuga
861 837 901 862 se
931 825 981 862 ad
1009 825 1217 863 Caesarem
1248 824 1451 875 recipiunt,

132 894 169 925 et
198 888 469 926 demonstrant
498 887 571 926 sibi
606 897 756 937 praeter
789 887 867 938 agri
900 890 1026 926 solum
1058 888 1153 926 nihil
1187 902 1272 927 esse
1304 888 1450 938 reliqui.

132 950 288 999 Quibus
326 952 442 990 rebus
489 953 683 991 adductus
723 954 866 992 Caesar
906 966 985 991 non
1031 954 1339 1003 exspectandum
1379 952 1493 991 sibi6

132 1014 264 1053 statuit
302 1016 410 1062 dum,
446 1015 630 1054 omnibus
669 1017 832 1055 fortunis
881 1016 1076 1055 sociorum
1116 1016 1370 1066 consumptis,
1412 1017 1450 1055 in

132 1081 328 1118 Santonos
354 1079 526 1118 Helvetii
552 1080 805 1129 pervenirent.

186 1144 351 1181 Flumen
379 1152 436 1181 est
464 1146 569 1191 Arar,
593 1146 700 1193 quod
730 1158 798 1194 per
824 1145 911 1183 finis
934 1146 1163 1184 Aeduorum
1190 1153 1226 1183 et
1252 1148 1452 1196 Sequano·
1473 1152 1514 1179 12

130 1219 215 1244 rum
243 1207 282 1244 in
312 1209 553 1246 Rhodanum
582 1208 717 1255 influit,
741 1208 959 1248 incredibili
988 1209 1157 1255 lenitate,
1182 1208 1233 1246 ita
1260 1217 1302 1247 ut
1329 1210 1453 1248 oculis

129 1270 168 1308 in
203 1279 329 1309 utram
363 1281 512 1321 partem
548 1274 640 1310 fluat
675 1273 836 1311 iudicari
871 1288 950 1311 non
986 1273 1119 1323 possit.
1196 1274 1243 1311 Id
1280 1274 1453 1312 Helvetii

130 1335 275 1374 ratibus
309 1350 354 1373 ac
388 1336 567 1374 lintribus
602 1336 744 1375 iunctis
780 1337 1006 1375 transibant.
1067 1337 1148 1376 Ubi
1184 1351 1251 1385 per
1285 1339 1454 1387 explora-
1477 1356 1490 1376 „v

130 1409 231 1438 tores
261 1401 406 1444 Caesar
443 1399 583 1438 certior
619 1402 744 1439 factus
783 1410 841 1439 est
879 1401 945 1439 tris
985 1401 1061 1439 iam
1096 1400 1213 1450 partis
1252 1401 1453 1450 copiarum

133 1464 337 1502 Helvetios
366 1464 407 1502 id
436 1466 583 1503 fiumen
614 1465 840 1512 traduxisse,
863 1475 1041 1515 quartam
1072 1466 1150 1502 fere
1180 1473 1329 1513 partem
1360 1465 1454 1503 citra

129 1529 276 1566 fiumen
296 1528 449 1566 Ararim
476 1528 665 1578 reliquam
692 1543 787 1576 esse,
811 1531 861 1568 de
891 1529 1002 1568 tertia
1022 1528 1151 1578 vigilia
1178 1542 1268 1566 cum
1296 1528 1453 1578 legioni-

130 1592 202 1630 bus
224 1592 346 1631 tribus
366 1606 388 1630 e
408 1593 541 1631 castris
566 1595 764 1642 profectus
783 1595 835 1632 ad
856 1607 942 1632 eam
968 1601 1117 1643 partem
1144 1592 1330 1642 pervenit,
1352 1606 1454 1642 quae

130 1658 311 1695 nondum
341 1658 488 1695 flumen
518 1656 730 1695 transierat.
791 1659 871 1696 Eos
898 1657 1109 1707 impeditos
1137 1665 1175 1695 et
1209 1656 1452 1706 inopinantis
1475 1667 1492 1697 3

128 1734 330 1771 aggressus
368 1735 550 1771 magnam
589 1729 739 1771 partem
778 1735 913 1760 eorum
948 1720 1145 1759 concidit:
1193 1720 1331 1770 reliqui
1365 1734 1450 1759 sese

72 1800 73 1803 ¹
128 1786 242 1835 fugae
287 1786 523 1824 mandarunt
560 1794 679 1835 atque
724 1785 765 1823 in
803 1785 998 1836 proximas
1038 1785 1151 1823 silvas
1201 1784 1448 1824 abdiderunt.

131 1850 169 1887 Is
199 1863 321 1899 pagus
349 1851 620 1899 appellabatur
648 1850 881 1900 Tigurinus:
912 1864 1004 1889 nam
1035 1849 1163 1888 omnis
1192 1849 1326 1888 civitas
1357 1851 1452 1888 Hel-
1470 1858 1491 1888 4

127 1913 230 1952 vetia
255 1913 295 1952 in
324 1922 507 1963 quattuor
536 1927 656 1964 pagos
683 1914 806 1953 divisa
836 1922 903 1952 est.
964 1914 1044 1952 Hic
1074 1927 1195 1963 pagus
1225 1927 1337 1960 unus,
1360 1927 1450 1951 cum
1472 1921 1488 1951 5

128 1978 250 2016 domo
288 1977 439 2025 exisset,
479 1986 632 2027 patrum
676 1986 898 2017 nostrorum
944 1978 1142 2024 memoria,
1185 1979 1227 2016 L.
1269 1977 1450 2017 Cassium

128 2043 332 2080 consulem
356 2041 599 2081 interfecerat
619 2051 657 2081 et
677 2043 760 2081 eius
790 2043 1001 2082 exercitum
1023 2043 1096 2081 sub
1120 2042 1253 2091 iugum
1281 2041 1446 2080 miserat.

130 2106 191 2143 Ita
216 2105 296 2144 sive
316 2120 409 2144 casu
433 2106 513 2145 sive
537 2106 701 2145 consilio
729 2108 893 2146 deorum
921 2106 1212 2152 immortalium,
1235 2119 1335 2155 quae
1363 2119 1449 2155 pars
1470 2113 1489 2145 6

127 2169 290 2208 civitatis
326 2170 532 2209 Helvetiae
566 2170 757 2221 insignem
789 2171 1049 2210 calamitatem
1083 2172 1230 2220 populo
1266 2172 1450 2208 Romano

127 2233 317 2281 intulerat,
347 2248 392 2273 ea
418 2235 597 2285 princeps
624 2248 771 2285 poenas
798 2235 990 2285 persolvit.
1051 2235 1141 2282 Qua
1170 2234 1209 2271 in
1239 2248 1278 2271 re
1306 2235 1487 2273 Caesar?

127 2312 206 2337 non
241 2301 368 2337 solum
400 2299 575 2349 publicas
610 2301 679 2339 sed
708 2299 824 2338 etiam
863 2299 1029 2350 privatas
1059 2297 1215 2337 iniurias
1245 2299 1348 2336 ultus
1379 2305 1447 2343 est,

298 2403 318 2432 6
342 2401 452 2433 Aedui
477 2401 542 2432 secl.
561 2401 679 2432 Dmlcr
854 2412 895 2433 ρο
920 2401 988 2432 scre
1005 2398 1125 2431 .1‘Rc›:
1151 2410 1231 2431 vero
1248 2403 1270 2435 β
