1706 2729
682 130 1002 169 PRAEFATIO

175 244 195 278 b
212 259 245 272 ==
263 243 379 279 codex
403 242 592 278 Leidensis
616 242 820 277 Vossianus
840 242 885 286 Q.
906 250 960 287 53,
979 252 1074 277 saec.
1094 250 1151 286 XI,
1170 252 1213 277 ex
1232 241 1359 277 codice
1382 242 1418 276 B
1440 242 1504 277 de-

247 295 417 340 scriptus,
438 294 641 329 Vossianus
660 293 799 339 primus
818 293 948 328 dictus.

174 354 195 386 λ
216 369 248 380 =
266 353 382 388 codex
403 352 592 389 Leidensis
611 353 655 396 38
675 361 713 394 D,
733 363 831 387 saec.
850 360 924 395 XII,
947 351 1138 387 Leidensis
1157 351 1296 397 primus
1315 351 1447 386 dictus.

176 404 296 440 Ceteri
316 404 531 440 recentioris
551 403 680 440 aetatis
705 404 852 440 codices
872 404 1082 449 perscripto
1110 404 1326 449 plerumque
1354 401 1504 438 nomine

246 457 507 503 significantur.

230 555 332 594 Cum
366 562 498 593 autem
537 554 794 605 ponderandi,
829 567 909 592 non
948 552 1181 592 numerandi
1220 553 1296 591 sint
1334 552 1502 599 codices,

175 619 372 658 sufficiunt
392 633 458 658 sex
474 618 527 657 illi
543 620 812 657 ABMRTU
822 620 872 658 ad
893 618 1103 657 lectionem
1120 616 1321 668 utriusque
1337 616 1504 656 familiae

127 732 132 736 ἱ
175 683 492 735 Nipperdeianae
508 684 837 734 cognoscendam.
872 685 1029 721 Horum
1045 690 1230 733 quattuor
1250 681 1304 720 illi
1316 683 1502 729 ABMR,

174 749 318 799 quibus
345 756 499 788 constat
528 748 674 787 familia
702 767 736 796 α,
768 762 814 787 ea
847 748 1082 798 cognatione
1116 755 1299 787 tenentur
1327 754 1369 786 ut
1397 748 1436 786 A
1466 754 1504 786 et

173 815 234 861 M,
258 813 351 852 item
380 815 421 852 B
449 821 486 852 et
515 815 557 852 R
584 813 703 852 artius
728 813 826 852 inter
855 827 896 852 se
923 814 1168 852 cohaereant.
1228 815 1361 863 Atque
1387 811 1503 851 huius

173 878 342 917 familiae
371 878 632 929 principatum
664 886 794 918 tenere
820 878 884 917 alii
911 878 1069 918 codices
1092 880 1131 917 A
1152 885 1191 917 et
1216 879 1277 925 M,
1300 877 1364 916 alii
1392 878 1433 915 B
1466 884 1503 916 et

173 944 223 990 R,
249 943 392 982 librum
425 957 516 994 prae
545 943 682 982 ceteris
715 945 957 990 lacunosum,
989 943 1295 994 disputaverunt.
1355 944 1502 981 Verum

173 1009 279 1048 haud
301 1010 467 1046 multum
489 1009 637 1047 formae
658 1016 784 1047 textus
806 1008 963 1047 interest
985 1008 1078 1047 utris
1100 1007 1222 1058 magis
1243 1008 1389 1054 credas,
1412 1020 1502 1045 cum

173 1087 232 1112 res
262 1072 302 1111 in
332 1072 506 1111 minutiis
536 1075 767 1123 plerumque
797 1073 1008 1123 scripturae
1038 1079 1210 1111 versetur
1238 1085 1367 1121 neque
1394 1072 1503 1110 locus

173 1139 251 1177 fere
271 1138 319 1176 sit
340 1140 441 1176 ullus
462 1138 501 1175 in
523 1151 602 1188 quo
622 1138 774 1188 gravius
796 1137 1019 1188 discrepent
1036 1137 1194 1176 codices
1211 1136 1279 1175 ubi
1295 1149 1375 1174 non
1392 1135 1504 1174 inter-

173 1203 303 1242 veniat
323 1202 562 1241 extrinsecus
585 1216 703 1241 causa
722 1216 790 1241 cur
810 1216 915 1241 nunc
937 1202 996 1240 his
1018 1215 1123 1240 nunc
1144 1201 1217 1240 illis
1237 1201 1496 1251 obtemperes.

226 1270 279 1306 At
309 1267 368 1306 his
398 1268 641 1318 temporibus
671 1267 898 1306 exstiterunt
928 1267 1019 1305 novi
1049 1266 1211 1316 quidam
1245 1265 1378 1313 critici,
1409 1278 1502 1315 quo-

172 1346 257 1371 rum
285 1332 471 1371 familiam
496 1332 605 1371 ducit
632 1332 829 1370 Henricus
856 1333 1010 1370 Meusel
1039 1333 1173 1381 (quem
1199 1330 1358 1369 honoris
1385 1343 1503 1369 causa

172 1397 364 1447 nomino),
387 1397 454 1447 qui
481 1397 687 1436 codicibus
713 1399 753 1435 T
771 1404 809 1435 et
839 1398 883 1443 U,
913 1396 980 1446 qui
1005 1395 1226 1446 interpolati
1256 1395 1498 1442 dicebantur,

171 1462 395 1512 diligentius
437 1462 587 1501 collatis
635 1461 971 1512 Nipperdeianam
1019 1461 1253 1500 sententiam
1301 1460 1502 1511 impugna-

171 1535 319 1566 verunt.
380 1528 494 1576 Quae
515 1540 574 1566 res
595 1527 648 1565 ita
667 1528 746 1565 fere
767 1540 808 1566 se
828 1527 974 1565 habere
994 1526 1146 1565 videtur
1163 1541 1169 1564 :
1200 1539 1246 1564 ex
1266 1525 1339 1563 illis
1360 1525 1502 1564 codici-

172 1593 245 1630 bus
266 1592 333 1642 qui
363 1592 529 1642 neglecti
560 1592 761 1630 iacuerunt
788 1592 841 1630 ita
870 1591 1038 1630 familiae
1059 1609 1082 1629 α
1101 1590 1259 1630 codices
1285 1590 1381 1629 alios
1408 1590 1501 1629 alias

172 1657 393 1696 confirmari
422 1665 464 1696 ut
494 1670 566 1695 usu
598 1656 834 1697 Caesariano
864 1656 955 1695 satis
985 1656 1157 1694 stabilito
1186 1657 1236 1694 de
1263 1655 1501 1705 quibusdam

171 1722 287 1760 rebus
318 1723 448 1761 adhuc
482 1721 612 1761 dubiis
644 1722 722 1760 iam
753 1721 895 1760 certius
927 1721 1098 1760 iudicare
1132 1734 1247 1771 posse
1276 1720 1501 1759 videamur:

170 1794 345 1825 erratum.
377 1794 509 1826 tamen
548 1800 632 1825 esse
670 1787 721 1825 ab
759 1786 814 1825 eis
852 1786 918 1836 qui
953 1786 1087 1824 omnia
1119 1787 1170 1824 ad
1209 1784 1501 1824 multitudinem

172 1854 439 1902 exemplorum
466 1853 568 1891 adeo
588 1853 754 1890 referant
780 1858 823 1890 ut
843 1851 976 1890 iudicii
997 1864 1078 1890 rem
1099 1852 1150 1890 ad
1176 1849 1318 1900 digitos
1342 1849 1502 1889 rediisse

170 1918 317 1964 credas,
348 1924 466 1966 atque
501 1916 585 1966 ipsa
615 1916 817 1955 subtiliora
850 1915 1118 1966 distinguendi
1147 1917 1310 1954 facultas
1343 1928 1501 1965 pessum

170 1990 242 2020 eat.
303 1983 434 2020 Immo
464 1981 583 2020 libros
615 1980 918 2028 conferentibus,
952 1980 1177 2031 praesertim
1205 1981 1314 2031 quod
1343 1981 1393 2019 ad
1423 1993 1503 2018 ver-

170 2047 311 2085 borum
341 2046 520 2085 ordinem
551 2046 700 2093 attinet,
734 2047 794 2084 vel
828 2047 915 2084 luce
946 2045 1085 2084 clarius
1123 2053 1230 2095 patet
1260 2044 1447 2083 familiam
1479 2062 1503 2082 α

170 2113 345 2150 redolere
373 2111 647 2162 antiquitatem
677 2125 750 2150 nec
770 2111 944 2162 potuisse
973 2125 1019 2150 ex
1045 2110 1319 2150 immutatione
1345 2108 1501 2147 alterius

171 2176 289 2223 nasci,
316 2176 421 2214 illam
450 2178 481 2226 β
509 2176 666 2214 artificis
695 2176 937 2226 grammatici
967 2189 1105 2214 manus
1136 2175 1352 2214 identidem
1383 2174 1502 2211 confi—

172 2240 242 2279 teri
276 2242 425 2279 nudam
456 2241 561 2279 illam
598 2249 636 2280 et
670 2241 959 2291 imperatoriam
991 2239 1208 2279 orationem
1242 2237 1501 2279 Ciceroniana

171 2306 341 2355 quadam
385 2307 592 2345 verborum
631 2306 895 2345 concinnitate
943 2305 1119 2344 fucantis.
1181 2306 1301 2353 Quod
1346 2310 1498 2341 tantum

170 2370 280 2409 abest
305 2377 347 2408 ut
376 2370 506 2420 negari
535 2370 659 2421 possit
688 2378 730 2409 ut
761 2372 981 2409 Bernardus
1015 2370 1201 2416 Kuebler,
1232 2367 1496 2418 praefervidus
