1768 2739
634 141 677 176 (ἶ,
712 139 827 176 IVLI
859 138 1126 176 CAESARIS

219 256 362 293 fecerat
401 252 568 302 amplius
608 251 857 300 octingentae
896 263 976 288 uno
1015 257 1123 287 crant
1157 248 1262 287 visae
1296 256 1484 298 tempore,
1519 263 1540 286 a

221 320 333 358 litore
363 318 623 357 discesserant
650 330 697 355 ac
727 329 768 354 se
797 316 836 354 in
867 314 1066 365 superiora
1096 316 1182 352 loca
1211 313 1454 352 abdiderant,

174 393 202 430 9
276 386 432 430 Caesar,
455 382 632 433 exposito
653 380 822 420 exercitu
843 388 882 419 et
902 382 990 419 loco
1011 379 1144 418 castris
1165 378 1311 417 idoneo
1332 386 1458 428 capto,
1474 379 1542 417 ubi

219 463 267 487 ex
305 447 467 498 captivis
505 446 689 497 cognovit
727 459 808 496 quo
850 446 889 483 in
928 447 1018 483 loco
1060 443 1233 482 hostium
1272 443 1410 493 copiae
1453 456 1543 481 con-

218 514 422 561 sedissent,
456 513 684 552 cohortibus
712 514 851 551 decem
882 513 933 550 ad
966 524 1071 549 mare
1102 510 1244 548 relictis
1279 517 1317 547 et
1346 507 1542 558 equitibus
1563 515 1580 546 5

218 579 400 617 trecentis
430 579 497 628 qui
526 577 722 628 praesidio
751 576 917 614 navibus
951 584 1091 621 essent,
1116 576 1166 613 de
1197 574 1307 613 tertia
1340 572 1469 623 vigilia
1492 574 1543 611 ad

216 643 341 682 hostis
371 642 587 689 contendit,
624 655 672 680 eo
700 641 829 679 minus
858 640 1002 679 veritus
1033 639 1198 678 navibus
1228 639 1337 688 quod
1362 637 1401 675 in
1432 637 1543 675 litore

217 708 326 748 molli
360 716 477 758 atque
510 714 646 757 aperto
679 706 868 756 deligatas
905 706 957 743 ad
989 718 1175 743 ancoram
1214 703 1469 753 relinquebat,
1505 710 1544 740 et

181 792 194 812 2
216 773 412 824 praesidio
444 772 608 811 navibus
642 773 690 820 Q.
728 771 882 809 Atrium
923 769 1118 820 praefecit.
1179 770 1269 818 Ipse
1301 776 1421 806 noctu
1460 780 1544 816 pro-

215 852 370 889 gressus
410 838 516 877 milia
554 850 740 887 passuum
780 836 931 874 circiter
969 847 1029 873 X11
1070 834 1243 873 hostium
1282 833 1415 883 copias
1453 846 1544 871 con·
1565 844 1604 865 10

180 918 197 948 3
219 905 390 954 spicatus
412 911 479 942 est.
533 903 594 941 Illi
616 902 792 952 equitatu
816 909 935 951 atque
952 900 1100 939 essedis
1116 901 1167 939 ad
1188 901 1335 938 flumen
1352 898 1544 948 progressi

217 983 264 1007 ex
284 971 374 1007 loco
395 968 592 1019 superiore
622 975 776 1006 nostros
798 966 1007 1016 prohibere
1027 974 1066 1004 et
1085 964 1278 1015 proelium
1300 964 1545 1002 committere

178 1048 197 1077 4
218 1041 441 1083 coeperunt.
504 1032 668 1082 Repulsi
702 1032 753 1070 ab
788 1030 963 1081 equitatu
998 1044 1040 1068 se
1074 1029 1112 1067 in
1146 1030 1260 1067 silvas
1294 1028 1542 1075 abdiderunt,

216 1101 349 1137 locum
384 1098 486 1136 nacti
522 1096 674 1147 egregie
709 1104 746 1135 et
781 1103 918 1134 natura
956 1103 994 1133 et
1027 1108 1146 1144 opere
1185 1093 1392 1140 munitum,
1425 1106 1544 1142 quem

217 1163 424 1202 domestici
464 1162 565 1209 belli,
604 1169 646 1200 ut
684 1160 901 1207 videbatur,
943 1172 1061 1198 causa
1099 1158 1177 1197 iam
1215 1165 1306 1196 ante
1345 1170 1544 1207 praepara·
1566 1168 1603 1200 15

217 1236 376 1276 verant3
424 1241 514 1266 nam
554 1226 699 1265 crebris
737 1225 942 1264 arboribus
982 1223 1142 1263 succisis
1188 1236 1326 1261 omnes
1365 1222 1545 1260 introitus

180 1306 196 1337 5
219 1301 328 1332 erant
357 1292 557 1343 praeclusi.
633 1290 715 1341 Ipsi
742 1304 789 1329 ex
814 1290 918 1328 silvis
942 1289 1014 1327 rari
1046 1288 1348 1338 propugnabant
1378 1294 1546 1325 nostros-

180 1367 296 1408 6que
338 1357 437 1395 intra
481 1355 720 1395 munitiones
768 1354 918 1403 ingredi
965 1352 1239 1403 prohibebant.
1311 1353 1366 1390 At
1403 1351 1545 1389 milites

218 1422 382 1472 legionis
412 1421 611 1470 septimae,
636 1419 833 1458 testudine
863 1420 965 1456 facta
991 1426 1029 1456 et
1058 1430 1196 1467 aggere
1225 1418 1276 1455 ad
1306 1415 1545 1454 munitiones

217 1487 383 1533 adiecto,
408 1488 539 1524 locum
561 1492 749 1535 ceperunt
777 1496 926 1533 eosque
952 1496 999 1521 ex
1025 1482 1130 1520 silvis
1159 1483 1389 1530 expulerunt
1410 1480 1545 1530 paucis
1567 1492 1606 1515 20

182 1563 197 1596 7
218 1551 443 1590 vulneribus
473 1550 655 1600 acceptis.
715 1550 794 1587 Sed
819 1561 886 1586 eos
912 1547 1093 1597 fugientis
1118 1546 1272 1596 longius
1294 1547 1438 1585 Caesar
1462 1559 1546 1595 pro-

218 1616 329 1666 sequi
351 1616 481 1663 vetuit,
506 1622 544 1653 et
565 1615 674 1665 quod
694 1613 771 1652 loci
792 1620 971 1651 naturam
993 1612 1196 1661 ignorabat
1217 1618 1254 1649 et
1276 1611 1384 1660 quod
1406 1623 1548 1659 magna

218 1689 326 1732 parte
351 1681 428 1720 diei
454 1687 689 1730 consumpta
718 1677 928 1717 munitioni
956 1684 1172 1716 castrorum
1199 1684 1354 1726 tempus
1380 1674 1546 1725 relinqui

218 1748 383 1785 volebat.

151 1824 197 1851 10
273 1810 466 1850 Postridie
496 1810 579 1849 eius
609 1809 687 1849 diei
716 1822 832 1847 mane
861 1807 1052 1858 tripertito
1082 1806 1224 1845 milites
1245 1805 1475 1856 equitesque
1505 1805 1544 1842 in
1567 1817 1604 1847 25

219 1876 510 1926 expeditionem
546 1875 661 1922 misit,
704 1882 745 1912 ut
784 1887 852 1912 eos
891 1873 958 1923 qui
994 1874 1170 1922 fugerant
1206 1878 1542 1921 persequerentur.

183 1956 196 1976 2
220 1942 294 1979 His
316 1942 561 1991 aliquantum
583 1939 729 1978 itineris
754 1937 977 1989 progressis,
1002 1951 1091 1976 cum
1120 1937 1196 1975 iam
1225 1935 1385 1974 extremi
1416 1942 1547 1974 essent

217 2006 255 2043 in
296 2013 514 2055 prospectu,
553 2004 704 2054 equites
736 2017 758 2042 a
791 2005 839 2052 Q.
876 2002 988 2041 Atrio
1021 2003 1072 2040 ad
1107 2003 1316 2041 Caesarem
1356 2007 1546 2038 venerunt

217 2070 283 2120 qui
315 2069 538 2108 nuntiarent
570 2068 768 2118 superiore
804 2075 921 2106 nocte
952 2066 1120 2105 maxima
1150 2073 1283 2104 coorta
1313 2072 1546 2115 tempestate

216 2148 338 2184 prope
353 2134 482 2173 omnis
503 2133 610 2172 navis
633 2133 809 2172 adflictas
830 2140 948 2181 atque
970 2131 1008 2168 in
1031 2130 1141 2168 litore
1162 2130 1304 2168 eiectas
1321 2142 1417 2177 esse,
1435 2129 1544 2179 quod
1566 2138 1605 2170 30

217 2214 347 2250 neque
377 2214 545 2239 ancorae
575 2201 767 2249 funesque
799 2198 1054 2236 subsisterent
1082 2210 1211 2246 neque
1240 2202 1382 2233 nautae
1410 2194 1545 2244 guber-

181 2275 198 2304 3
218 2274 453 2315 natoresque
474 2265 551 2303 vim
580 2263 821 2314 tempestatis
848 2262 926 2313 pati
955 2269 1114 2312 possent
1129 2276 1139 2309 ,-
1168 2261 1300 2310 itaque
1320 2274 1366 2298 ex
1387 2273 1434 2298 eo
1455 2272 1544 2297 con-

218 2344 333 2368 cursu
356 2330 513 2368 navium
536 2342 721 2380 magnum
743 2341 827 2366 esse
848 2327 1147 2365 incommodum
1168 2332 1386 2374 acceptum.

702 2443 743 2472 30
767 2433 863 2464 litore
881 2444 900 2463 α
916 2443 920 2462 :
947 2432 1024 2463 litus
1041 2434 1063 2467 β
