1768 2739
419 168 492 206 DE
524 166 703 204 BELLO
734 165 978 202 GALLICO
1010 165 1111 201 LIB.
1145 165 1250 201 VIII

174 279 368 329 amicique
409 276 573 327 Pompei
617 275 870 321 †iusserunt†,
915 281 1031 324 atque
1079 274 1130 312 ita
1178 287 1257 312 rem
1307 275 1497 314 morando

175 345 450 383 discusserunt.

230 410 420 458 Magnum
445 407 521 445 hoc
548 404 815 444 testimonium
841 410 998 442 senatus
1023 410 1103 442 erat
1130 404 1297 442 universi
1318 403 1498 442 conveni·
1516 407 1567 445 53

174 486 323 523 ensque
343 471 529 522 superiori
548 472 662 509 facto.
722 472 825 508 Nam
849 470 1060 507 Marcellus
1076 468 1253 518 proximo
1273 481 1389 515 anno,
1407 481 1498 507 cum

136 550 153 581 5
174 538 418 588 impugnaret
450 535 626 575 Caesaris
661 534 902 584 dignitatem,
938 540 1073 571 contra
1103 535 1229 582 legem
1264 533 1429 583 Pompei
1460 541 1498 571 et

175 601 304 642 Crassi
330 601 526 639 rettulerat
552 607 642 638 ante
669 607 824 649 tempus
851 599 902 636 ad
927 605 1106 636 senatum
1130 599 1180 636 de
1211 597 1388 636 Caesaris
1414 610 1499 646 pro-

173 665 318 712 vinciis,
342 664 624 714 sententiisque
648 663 772 710 dictis,
797 662 1080 701 discessionem
1105 662 1272 701 faciente
1294 663 1495 708 Marcello,

174 730 240 781 qui
270 730 343 768 sibi
372 742 531 768 omnem
561 728 790 777 dignitatem
821 741 868 766 ex
898 727 1075 766 Caesaris
1103 726 1249 765 invidia
1273 726 1494 776 quaerebat,

175 802 332 833 senatus
352 795 532 843 frequens
553 793 593 830 in
613 792 686 830 alia
707 792 840 831 omnia
856 792 1015 830 transiit.
1076 791 1231 840 Quibus
1252 804 1333 829 non
1353 792 1499 841 frange·
1520 802 1534 823 2

121 876 158 897 10
177 860 318 897 bantur
345 857 465 896 animi
491 857 739 895 inimicorum
768 856 945 896 Caesaris
975 857 1045 894 sed
1073 856 1390 894 admonebantur
1419 868 1498 905 quo

177 923 341 962 maiores
360 930 538 972 pararent
559 922 821 968 necessitates,
845 920 988 971 quibus
1015 920 1102 970 cogi
1127 927 1261 970 posset
1280 926 1437 958 senatus
1459 919 1499 958 id

174 988 338 1038 probare
359 988 466 1037 quod
487 986 559 1036 ipsi
579 986 881 1025 constituissent.

229 1052 289 1090 Fit
323 1051 468 1090 deinde
497 1059 654 1090 senatus
684 1052 920 1097 consultum,
943 1057 985 1088 ut
1014 1051 1065 1088 ad
1094 1049 1242 1088 bellum
1272 1048 1497 1087 Parthicum
1518 1053 1569 1092 54

175 1117 276 1167 legio
308 1130 386 1155 una
413 1130 436 1154 a
465 1117 536 1155 Cn.
562 1115 763 1165 Pompeio,
793 1117 912 1153 altera
940 1129 963 1153 a
992 1115 1036 1154 C.
1061 1115 1229 1154 Caesare
1258 1114 1474 1152 mitteretur
1488 1129 1498 1161 3

121 1195 157 1226 15
176 1194 305 1230 neque
352 1181 517 1219 obscure
564 1181 666 1218 duae
704 1179 876 1229 legiones
924 1179 993 1217 uni
1040 1180 1305 1217 detrahuntur.
1393 1179 1495 1215 Nam
1519 1191 1534 1212 2

175 1247 247 1285 Cn.
267 1247 477 1295 Pompeius
497 1243 691 1294 legionem
712 1244 888 1293 primam,
907 1257 1025 1293 quam
1038 1244 1090 1281 ad
1105 1244 1314 1282 Caesarem
1330 1243 1496 1289 miserat,

174 1311 395 1348 confectam
415 1323 462 1348 ex
481 1309 628 1347 dilectu
652 1308 876 1358 provinciae
901 1308 1088 1354 Caesaris,
1112 1321 1199 1346 earn
1224 1314 1425 1357 tamquam
1452 1320 1499 1345 ex

174 1387 245 1413 suo
265 1387 429 1412 numero
449 1373 568 1412 dedit.
629 1374 773 1412 Caesar
789 1381 931 1420 tamen,
948 1386 1039 1411 cum
1055 1373 1105 1411 de
1120 1373 1320 1410 voluntate
1337 1371 1498 1410 minime
1519 1381 1536 1411 3

173 1439 339 1477 dubium
373 1446 474 1478 esset
511 1438 819 1477 adversariorum
859 1451 1029 1485 suorum,
1072 1437 1263 1487 Pompeio
1302 1437 1498 1486 legionem

116 1518 155 1540 20
173 1504 319 1542 remisit
349 1510 387 1542 et
418 1516 489 1542 suo
516 1503 676 1542 nomine
708 1503 885 1553 quintam
915 1503 1121 1549 decimam,
1154 1515 1273 1552 quam
1302 1502 1342 1539 in
1373 1502 1499 1540 Gallia

173 1568 349 1607 citeriore
369 1569 567 1615 habuerat,
591 1581 637 1605 ex
657 1576 815 1606 senatus
842 1569 1023 1605 consulto
1048 1566 1156 1605 iubet
1176 1566 1285 1605 tradi.
1347 1568 1394 1604 In
1415 1567 1498 1605 eius

173 1634 304 1670 locum
342 1632 494 1670 tertiam
532 1633 727 1670 decimam
765 1631 961 1681 legionem
993 1631 1032 1668 in
1069 1630 1223 1668 Italiam
1254 1631 1371 1669 mittit
1397 1644 1498 1681 quae

173 1697 366 1747 praesidia
412 1705 593 1744 tueretur,
643 1712 690 1736 ex
728 1697 871 1747 quibus
910 1696 1112 1746 praesidiis
1161 1695 1298 1746 quinta
1344 1696 1498 1735 decima

173 1762 451 1800 deducebatur.
528 1764 618 1812 Ipse
650 1762 833 1801 exercitui
872 1761 1068 1800 distribuit
1099 1761 1288 1800 hiberna:
1328 1762 1372 1801 C.
1406 1763 1535 1803 Tre-4

117 1841 154 1872 25
174 1826 337 1865 bonium
367 1840 457 1864 cum
481 1826 700 1877 legionibus
726 1839 789 1864 1111
820 1826 860 1864 in
891 1825 1028 1875 Belgio
1057 1826 1234 1871 collocat,
1261 1826 1305 1865 C.
1330 1824 1495 1863 Fabium

173 1904 264 1929 cum
302 1891 466 1929 totidem
500 1891 540 1928 in
572 1893 734 1930 Aeduos
766 1891 936 1930 deducit.
1015 1890 1077 1928 Sic
1109 1890 1214 1928 enim
1253 1889 1496 1928 existimabat
1516 1897 1532 1927 5

173 1955 405 1993 tutissimam
429 1957 511 1994 fore
536 1956 714 2002 Galliam,
737 1956 769 1994 si
799 1958 952 2006 Belgae,
983 1968 1150 2005 quorum
1174 1954 1342 1992 maxima
1365 1954 1493 2001 virtus,

173 2019 313 2066 Aedui,
337 2033 503 2070 quorum
523 2022 732 2060 auctoritas
759 2034 913 2059 summa
939 2027 1050 2066 esset,
1074 2018 1305 2057 exercitibus
1325 2018 1498 2057 contine-

173 2091 313 2121 rentur.
374 2086 464 2135 Ipse
484 2085 524 2123 in
547 2086 700 2124 Italiam
721 2088 918 2136 profectus
939 2093 1006 2124 est.

115 2159 154 2189 30
228 2149 320 2196 Quo
339 2161 430 2187 cum
450 2149 628 2197 venisset,
651 2150 853 2200 cognoscit
879 2163 947 2200 per
968 2151 1011 2189 C.
1037 2150 1268 2187 Marcellum
1293 2149 1496 2187 consulem
1515 2150 1565 2190 55

221 2274 234 2293 1
262 2264 430 2295 iusserunt
463 2263 519 2295 X:
570 2265 836 2296 intercesserunt
875 2263 1131 2304 Pantagathus:
1182 2262 1355 2293 evicerunt
1391 2262 1496 2300 Jurin

174 2308 332 2337 morando
346 2307 471 2344 Jurin:
496 2308 702 2339 moderando
719 2307 756 2337 X
934 2318 953 2337 2
977 2308 1206 2338 discusserunt
1219 2306 1345 2343 Jurz'n:
1372 2306 1496 2336 disces-

173 2355 291 2380 serunt
307 2349 345 2379 X
467 2361 504 2389 17
530 2352 666 2381 Caesari
684 2363 704 2381 α
833 2352 872 2381 18
896 2351 1031 2381 minime
1048 2350 1184 2380 dubium
1201 2354 1291 2380 esset
1309 2349 1496 2380 adversari-

174 2403 270 2423 orum
287 2403 420 2423 suorum
438 2393 480 2423 B‘
495 2405 502 2424 :
526 2394 795 2425 adversariorum
813 2404 850 2425 se
866 2394 1000 2432 spoliari
1020 2393 1145 2423 nemini
1164 2392 1297 2423 dubium
1319 2398 1409 2422 esset
1425 2392 1495 2427 A‘ss

179 2446 216 2474 19
242 2437 381 2475 Pompei
398 2436 440 2466 B'
