1768 2739
669 104 713 141 c,
733 90 863 140 'IVLI
895 103 1164 141 CAESARIS

252 213 359 252 idem
375 215 502 253 facere
518 220 663 264 cogunt
684 226 752 252 eos
773 212 839 263 qui
860 212 1087 263 negotiandi
1107 226 1225 251 causa
1240 212 1295 251 ibi
1310 212 1574 252 constiterant.

211 282 230 313 6
252 279 342 316 Hos
355 278 543 317 continuo
556 279 597 316 in
614 277 752 317 itinere
764 278 891 317 adorti
904 277 1088 317 omnibus
1102 277 1395 328 impedimentis
1408 285 1555 317 exuunt
1567 292 1578 326 3

249 342 500 393 repugnantis
530 342 637 381 diem
680 350 919 393 noctemque
961 341 1146 381 obsident
1160 357 1171 389 3
1219 341 1349 380 multis
1384 341 1579 392 utrimque

249 405 461 445 interfectis
482 406 670 445 maiorem
692 406 984 446 multitudinem
1005 407 1056 444 ad
1076 420 1183 444 arma
1203 406 1412 445 concitant.

178 478 231 514 43
306 470 468 509 Interim
494 470 633 509 nuntio
666 473 783 509 allato
815 471 943 509 omnis
975 484 1111 509 eorum
1143 470 1284 509 milites
1316 470 1356 508 in
1387 478 1579 520 potestate
1599 481 1616 512 5

214 547 228 568 2
250 535 428 575 Caesaris
444 535 576 583 teneri,
591 543 827 574 concurrunt
839 537 891 574 ad
906 535 1094 573 Aristium
1112 550 1122 583 3
1142 535 1237 573 nihil
1253 535 1413 584 publico
1433 537 1579 573 factum

249 599 414 638 consilio
444 601 715 638 demonstrant
732 614 742 647 3
770 599 1042 649 quaestionem
1063 600 1114 638 de
1134 599 1248 637 bonis
1269 599 1429 649 direptis
1450 600 1580 638 decer-

249 671 358 710 nunt,
410 663 596 702 Litavicci
641 665 880 714 fratrumque
925 664 1030 702 bona
1076 664 1289 713 publicant,
1335 666 1482 714 legatos
1528 665 1579 702 ad

213 739 231 770 3
251 730 460 769 Caesarem
495 728 554 767 sui
585 728 777 778 purgandi
809 728 929 779 gratia
956 728 1124 766 mittunt.
1205 730 1319 767 Haec
1351 728 1498 766 faciunt
1526 742 1581 766 re-

250 794 551 844 ciperandorum
587 807 747 831 suorum
774 806 914 840 causa3
949 794 1018 831 sed
1048 792 1306 831 contaminati
1337 792 1508 831 facinore
1542 800 1581 831 et
1601 806 1641 828 10

249 858 354 908 capti
378 857 616 908 compendio
643 872 690 896 ex
719 857 878 907 direptis
904 857 1031 904 bonis,
1063 859 1172 907 quod
1199 871 1244 896 ea
1270 871 1330 896 res
1358 858 1409 896 ad
1436 859 1580 896 multos

249 923 480 972 pertinebat,
513 922 652 960 timore
683 935 835 971 poenae
874 922 1041 960 exterriti
1076 922 1239 960 consilia
1264 924 1366 960 clam
1392 923 1443 961 de
1476 923 1581 960 bello

249 986 347 1026 inire
372 986 566 1036 incipiunt
589 986 842 1036 civitatesque
876 986 1043 1036 reliquas
1069 986 1330 1036 legationibus
1359 986 1578 1024 sollicitant.

211 1068 230 1098 4
250 1052 366 1100 Quae
396 1050 551 1090 tametsi
583 1052 727 1090 Caesar
765 1050 1025 1101 intellegebat,
1067 1058 1200 1089 tamen
1229 1065 1348 1101 quam
1377 1051 1581 1089 mitissime

249 1124 379 1166 potest
398 1118 546 1167 legatos
570 1117 766 1165 appellat:
796 1115 893 1153 nihil
920 1130 961 1154 se
992 1124 1150 1166 propter
1179 1115 1425 1154 inscientiam
1452 1116 1582 1155 levita·
1602 1128 1640 1160 15

250 1188 410 1232 temque
436 1180 541 1231 vulgi
567 1180 718 1231 gravius
750 1181 801 1220 de
833 1181 988 1219 civitate
1013 1180 1186 1220 iudicare
1212 1195 1342 1231 neque
1368 1182 1419 1220 de
1445 1194 1515 1219 sua
1541 1180 1581 1218 in

211 1262 227 1291 5
249 1247 412 1284 Aeduos
447 1245 721 1284 benevolentia
758 1246 996 1284 deminuere.
1076 1247 1167 1296 Ipse
1205 1246 1393 1284 maiorem
1432 1245 1583 1284 Galliae

250 1318 402 1348 motum
443 1318 683 1361 exspectans,
725 1324 775 1349 ne
819 1311 869 1349 ab
914 1310 1099 1349 omnibus
1152 1310 1372 1349 civitatibus
1422 1310 1583 1348 circum-

249 1374 456 1422 sisteretur,
476 1375 639 1413 consilia
659 1375 781 1413 inibat
798 1389 915 1425 quem
932 1376 983 1413 ad
1000 1376 1164 1413 modum
1184 1376 1235 1413 ab
1253 1374 1446 1425 Gergovia
1461 1374 1583 1413 disce-

249 1441 359 1479 deret
378 1454 424 1478 ac
451 1454 579 1478 rursus
603 1453 763 1478 omnem
793 1440 1004 1478 exercitum
1033 1442 1289 1487 contraheret,
1312 1454 1362 1478 ne
1391 1439 1582 1490 profectio
1603 1454 1642 1476 20

248 1512 341 1543 nata
364 1505 414 1543 ab
442 1504 580 1542 timore
607 1504 839 1543 defectionis
859 1504 994 1542 similis
1022 1506 1135 1553 fugae
1155 1504 1359 1542 videretur.

175 1585 229 1622 44
305 1572 419 1608 Haec
433 1569 618 1619 cogitanti
634 1569 811 1607 accidere
827 1569 908 1607 visa
929 1577 986 1607 est
1002 1571 1164 1607 facultas
1182 1570 1282 1608 bene
1303 1569 1355 1607 rei
1376 1570 1578 1619 gerendae.

250 1635 353 1671 Nam
370 1647 460 1671 cum
475 1633 514 1671 in
531 1632 681 1671 minora
697 1641 822 1671 castra
837 1633 965 1682 operis
982 1633 1244 1683 perspiciendi
1265 1647 1382 1672 causa
1400 1633 1579 1680 venisset,

247 1698 521 1737 animadvertit
555 1699 707 1744 collem,
745 1698 811 1748 qui
842 1699 893 1736 ab
928 1698 1107 1737 hostibus
1142 1699 1357 1745 tenebatur,
1389 1700 1581 1737 nudatum

248 1762 485 1809 hominibus,
523 1761 590 1812 qui
632 1761 896 1811 superioribus
935 1762 1075 1801 diebus
1108 1762 1171 1800 vix
1205 1777 1297 1813 prae
1332 1762 1581 1802 multitudine
1602 1778 1639 1810 25

213 1847 227 1867 2
248 1826 355 1866 cerni
398 1834 559 1876 poterat.
638 1826 866 1865 Admiratus
914 1827 1064 1877 quaerit
1111 1842 1158 1866 ex
1198 1827 1367 1878 perfugis
1409 1841 1578 1873 causam,

247 1905 415 1941 quorum
464 1904 627 1941 magnus
681 1892 732 1929 ad
780 1906 871 1930 eum
919 1891 1065 1930 cotidie
1110 1905 1295 1930 numerus
1343 1892 1577 1930 confluebat.

211 1971 228 2000 3
248 1956 466 1995 Constabat
495 1955 595 1994 inter
628 1956 756 1994 omnis
791 1957 899 2006 quod
926 1956 1003 1994 iam
1031 1956 1114 2006 ipse
1147 1958 1290 1996 Caesar
1319 1970 1387 2006 per
1411 1958 1582 2006 explora-

246 2027 349 2058 tores
370 2028 615 2070 cognoverat,
646 2022 806 2059 dorsum
834 2034 919 2059 esse
946 2021 1028 2059 eius
1056 2021 1134 2071 iugi
1159 2034 1280 2071 prope
1305 2035 1486 2071 aequum,
1510 2021 1580 2058 sed

247 2086 353 2123 hunc
380 2085 595 2123 silvestrem
626 2093 664 2123 et
692 2093 913 2136 angustum,
946 2100 1024 2136 qua
1053 2094 1155 2124 esset
1181 2086 1310 2124 aditus
1339 2087 1390 2124 ad
1419 2088 1579 2124 alteram
1601 2102 1640 2132 3ο

209 2157 397 2198 4partem
437 2149 598 2199 oppidi3
645 2151 897 2188 vehementer
935 2151 1026 2188 huic
1067 2150 1153 2188 illos
1200 2152 1288 2189 loco
1327 2150 1462 2188 timere
1507 2164 1580 2189 nec

246 2211 324 2251 iam
344 2213 453 2252 aliter
473 2214 625 2261 sentire,
644 2228 724 2252 uno
738 2216 838 2253 colle
858 2215 909 2252 ab
930 2215 1123 2253 Romanis
1143 2223 1347 2266 occupato,
1364 2215 1395 2253 si
1414 2217 1580 2254 alterum

246 2277 477 2324 amisissent,
512 2278 607 2328 quin
634 2292 759 2328 paene
791 2278 1071 2317 circumvallati
1109 2287 1227 2330 atque
1258 2278 1367 2318 omni
1398 2279 1503 2318 exitu
1540 2286 1580 2318 et

349 2392 367 2411 2
394 2382 425 2411 in
445 2381 518 2413 add.
538 2382 582 2412 cd.
600 2388 650 2423 pr.
667 2395 672 2414 :
699 2394 763 2415 om.
784 2382 821 2412 X
955 2394 992 2414 12
1005 2388 1082 2425 post
1098 2385 1291 2424 pertinebat
1308 2384 1381 2416 add.
1401 2389 1436 2416 et
1452 2387 1474 2420 β
