1768 2739
802 170 847 206 A.
883 169 1049 205 HIRTI

265 288 368 318 catas
390 280 644 330 explicandae
665 278 717 317 rei
740 278 1012 317 frumentariae
1033 291 1149 317 causa
1179 278 1376 329 superiore
1397 292 1595 318 commen-

264 344 360 383 tario
392 345 704 383 demonstratum
736 352 803 382 est.
865 346 925 382 Ita
963 357 1054 382 cum
1093 344 1248 382 duabus
1287 343 1506 394 legionibus
1544 345 1595 383 ad

263 409 556 460 persequendos
578 409 769 447 Carnutes
790 408 1055 459 proficiscitur.

221 477 245 516 5
319 475 421 513 Cum
454 475 556 512 fama
587 474 777 512 exercitus
808 475 858 512 ad
893 473 1015 512 hostis
1050 481 1152 512 esset
1185 475 1343 525 perlata,
1376 473 1596 513 calamitate

264 546 482 577 ceterorum
522 539 629 577 ducti
665 539 856 577 Carnutes
891 539 1054 577 desertis
1088 538 1182 577 vicis
1215 539 1462 590 oppidisque,
1495 552 1596 589 quae

264 605 489 642 tolerandae
510 603 648 642 hiemis
669 617 786 642 causa
806 603 1027 641 constitutis
1048 612 1208 653 repente
1229 604 1374 653 exiguis
1395 605 1445 642 ad
1466 616 1596 642 neces-

264 668 417 706 sitatem
438 668 626 706 aedificiis
652 668 1058 718 incolebant—nuper
1087 668 1192 706 enim
1222 668 1365 707 devicti
1395 669 1596 718 complura

229 749 243 769 2
264 732 411 783 oppida
431 732 879 783 dimiserant—dispersi
900 733 1136 783 profugiunt.
1193 734 1337 773 Caesar
1357 732 1596 784 erumpentis

265 811 312 836 eo
351 797 518 836 maxime
557 805 733 847 tempore
777 797 982 836 acerrimas
1030 805 1282 847 tempestates
1329 811 1420 836 cum
1467 797 1597 836 subire

265 862 406 901 milites
437 865 569 910 nollet,
603 863 642 900 in
677 862 824 913 oppido
864 864 1081 902 Carnutum
1121 863 1287 902 Cenabo
1324 871 1448 901 castra
1485 863 1597 913 ponit

264 934 382 977 atque
403 927 441 965 in
463 935 566 966 tecta
585 927 725 978 partim
743 929 958 974 Gallorum,
973 927 1113 977 partim
1131 940 1231 977 quae
1247 926 1406 965 coiectis
1423 926 1598 966 celeriter

263 992 484 1031 stramentis
515 992 771 1031 tentoriorum
802 992 1103 1042 integendorum
1134 992 1255 1042 gratia
1286 999 1395 1030 erant
1424 991 1598 1030 inaedifi-

228 1069 245 1099 3
264 1064 360 1104 cata,
384 1057 525 1095 milites
546 1057 728 1107 contegit.
791 1057 954 1107 Equites
984 1064 1116 1095 tamen
1144 1064 1181 1095 et
1205 1055 1425 1095 auxiliarios
1445 1056 1597 1107 pedites

265 1122 304 1160 in
325 1121 452 1160 omnis
473 1121 590 1171 partis
612 1122 728 1160 mittit
743 1135 1012 1172 quascumque
1028 1121 1173 1172 petisse
1189 1121 1421 1160 dicebantur
1440 1122 1572 1160 hostes
1587 1136 1598 1169 3

225 1200 245 1229 4
265 1201 338 1226 nec
376 1189 539 1226 frustra:
587 1200 678 1225 nam
716 1189 948 1238 plerumque
980 1200 1121 1237 magna
1153 1188 1299 1238 praeda
1331 1186 1445 1237 potiti
1475 1186 1597 1225 nostri

264 1259 516 1291 revertuntur.
577 1252 764 1302 Oppressi
792 1254 985 1292 Carnutes
1015 1252 1154 1291 hiemis
1184 1252 1422 1300 difficultate,
1454 1259 1598 1290 terrore

263 1317 436 1368 periculi,
471 1331 561 1356 cum
596 1318 708 1356 tectis
740 1317 890 1368 expulsi
924 1319 1033 1356 nullo
1072 1319 1160 1356 loco
1199 1317 1346 1356 diutius
1385 1317 1597 1356 consistere

262 1384 452 1421 auderent
486 1396 559 1421 nec
593 1383 774 1421 silvarum
814 1383 1009 1433 praesidio
1047 1383 1346 1433 tempestatibus
1380 1382 1597 1421 durissimis

263 1447 338 1498 tegi
360 1455 532 1498 possent,
555 1448 719 1497 dispersi
740 1462 881 1499 magna
900 1456 1009 1498 parte
1025 1448 1167 1486 amissa
1183 1461 1343 1486 suorum
1359 1447 1597 1498 dissipantur

263 1512 302 1550 in
325 1512 509 1550 finitimas
529 1512 714 1551 civitates.

218 1577 245 1614 6
318 1578 462 1616 Caesar
494 1585 670 1628 tempore
700 1577 792 1616 anni
819 1577 1061 1625 difficillimo,
1085 1591 1175 1616 cum
1197 1578 1288 1616 satis
1319 1578 1480 1616 haberet
1506 1591 1597 1616 con-

263 1641 452 1680 venientis
474 1655 612 1680 manus
634 1641 832 1692 dissipare,
855 1656 905 1681 ne
925 1644 1034 1692 quod
1054 1642 1209 1681 initium
1238 1642 1331 1681 belli
1361 1650 1594 1689 nasceretur,

263 1714 534 1757 quantumque
554 1707 593 1744 in
615 1707 764 1746 ratione
786 1715 896 1754 esset,
914 1709 1157 1757 exploratum
1174 1708 1336 1746 haberet
1351 1708 1424 1746 sub
1441 1715 1596 1757 tempus

261 1772 496 1810 aestivorum
542 1774 693 1810 nullum
748 1785 948 1811 summum
989 1773 1137 1811 bellurn
1180 1786 1296 1823 posse
1343 1772 1514 1819 conflari,
1549 1773 1593 1812 C.

261 1837 505 1875 Trebonium
527 1851 617 1876 cum
639 1837 793 1876 duabus
818 1837 1049 1888 legionibus,
1073 1851 1169 1888 quas
1190 1851 1324 1876 secum
1351 1838 1534 1884 habebat,
1556 1837 1596 1875 in

226 1915 240 1936 2
261 1902 434 1940 hibernis
465 1902 616 1942 Cenabi
647 1903 853 1941 collocavit
870 1918 879 1950 3
920 1903 1013 1953 ipse,
1043 1916 1133 1941 cum
1162 1902 1305 1941 crebris
1335 1902 1596 1952 legationibus

262 1969 479 2006 Remorum
509 1968 649 2006 certior
683 1969 791 2006 fieret
823 1970 1064 2015 Bellovacos,
1094 1967 1160 2018 qui
1190 1967 1281 2006 belli
1310 1967 1431 2017 gloria
1461 1969 1596 2006 Gallos

260 2032 388 2070 omnis
411 2035 630 2083 Belgasque
650 2034 910 2083 praestabant,
935 2033 1198 2083 finitimasque
1219 2033 1278 2071 his
1299 2032 1473 2071 civitates
1494 2034 1596 2071 duce

261 2098 408 2136 Correo
430 2099 641 2136 Bellovaco
663 2106 700 2136 et
722 2098 907 2137 Commio
934 2098 1121 2136 Atrebate
1151 2097 1340 2136 exercitus
1370 2110 1595 2147 comparare

259 2169 377 2211 atque
398 2162 437 2200 in
459 2176 582 2200 unum
610 2164 743 2201 locum
771 2175 921 2212 cogere,
944 2170 986 2200 ut
1016 2162 1125 2200 omni
1156 2161 1407 2200 multitudine
1436 2161 1476 2199 in
1507 2161 1594 2199 finis

260 2227 526 2275 Suessionum,
544 2227 610 2277 qui
626 2227 762 2265 Remis
777 2235 885 2265 erant
900 2227 1267 2274 attributi,facerent
1282 2226 1591 2276 impressionem,

259 2292 451 2341 pertinere
484 2300 617 2331 autem
648 2305 729 2331 non
760 2299 912 2330 tantum
944 2293 994 2330 ad
1028 2291 1257 2341 dignitatem
1289 2292 1359 2329 sed
1393 2291 1510 2329 etiam
1543 2291 1594 2329 ad

304 2397 324 2425 8
340 2396 521 2427 amiserant
535 2398 558 2431 β
652 2406 663 2425 1
674 2406 685 2425 1
708 2396 869 2426 coniectis
881 2395 931 2425 X:
950 2395 1114 2426 conlectis
1130 2393 1351 2425 lsVeissenborn
1443 2403 1481 2431 13
1506 2403 1591 2424 com-

262 2439 353 2477 pegit
371 2438 502 2477 Bentley
636 2450 678 2478 29
702 2440 831 2469 Correo
849 2441 871 2471 B
888 2451 894 2470 :
920 2439 1054 2469 Corbco
1071 2450 1090 2469 α
1107 2439 1182 2468 ilem
1201 2438 1232 2468 1'11
1250 2448 1332 2477 seqq.

1621 874 1658 895 10

1620 1199 1655 1231 ¹5

1617 1524 1658 1546 20

1617 2174 1656 2204 30
