1768 2739
153 516 169 546 5

132 839 170 861 10

131 1162 167 1194 15

128 1487 167 1508 20

128 1810 164 1840 25

125 2133 166 2163 30

452 138 525 174 DE
557 135 735 173 BELLO
766 134 1010 172 GALLICO
1041 135 1143 171 LIB.
1176 135 1256 171 VII

192 248 388 295 discludit,
422 246 629 286 durissimo
664 254 839 295 tempore
873 245 977 292 anni,
1009 245 1196 284 altissima
1227 244 1315 283 nive
1347 245 1417 284 iter
1446 245 1514 282 im-

191 314 387 363 pediebat,
420 320 551 351 tamen
582 311 757 350 discussa
790 310 879 348 nive
910 323 976 348 sex
1007 310 1044 347 in
1079 310 1326 348 altitudinem
1365 311 1511 361 pedum

190 385 309 428 atque
340 377 392 415 ita
425 376 494 415 viis
526 375 728 426 patefactis
769 388 924 413 summo
965 374 1133 413 militum
1168 376 1310 413 sudore
1341 376 1393 414 ad
1424 375 1513 413 finis

190 444 454 480 Arvernorum
467 439 651 491 pervenit.
703 438 857 488 Quibus
874 438 1069 489 oppressis
1083 439 1388 489 inopinantibus,
1406 441 1513 489 quod
1535 457 1552 486 3

190 519 232 543 se
256 507 443 544 Cevenna
467 512 509 543 ut
534 518 646 543 muro
675 504 847 542 munitos
875 503 1160 550 existimabant,
1184 517 1229 541 ac
1258 517 1307 541 ne
1332 503 1511 553 singulari

189 570 349 619 quidem
371 583 558 619 umquam
579 568 729 607 homini
746 582 793 607 eo
810 576 986 618 tempore
1005 568 1097 606 anni
1119 568 1280 606 semitae
1296 575 1510 618 patuerant,

190 633 387 683 equitibus
426 634 591 684 imperat
622 642 664 672 ut
703 647 821 683 quam
854 633 1039 672 latissime
1070 633 1220 683 possint
1252 640 1438 683 vagentur
1476 641 1513 670 et

189 711 308 747 quam
330 698 542 736 maximum
564 699 743 737 hostibus
764 706 949 737 terrorem
970 698 1146 736 inferant.
1209 698 1396 737 Celeriter
1416 700 1513 736 haec
1532 711 1551 741 4

189 763 293 801 fama
312 776 358 801 ac
379 763 506 801 nuntii
525 764 575 801 ad
606 763 966 813 Vercingetorigem
988 764 1233 813 perferuntur
1250 778 1259 810 3
1294 776 1411 812 quem
1433 776 1515 813 per-

189 827 308 865 territi
335 841 474 866 omnes
495 827 659 866 Arverni
685 827 976 866 circumsistunt
1001 835 1120 877 atque
1141 828 1349 866 obsecrant
1369 835 1411 866 ut
1432 827 1512 866 suis

189 891 353 930 fortunis
377 894 568 940 consulat,
592 890 724 945 ne[ve]
751 893 801 931 ab
823 892 1001 931 hostibus
1023 892 1262 942 diripiantur,
1287 892 1512 942 praesertim

188 969 278 994 cum
308 956 438 995 videat
466 969 586 995 omne
613 958 664 995 ad
694 970 734 995 se
764 957 911 995 bellum
941 958 1180 996 translatum.
1241 958 1423 1005 Quorum
1448 957 1512 995 ille
1532 966 1548 997 5

188 1020 369 1069 precibus
389 1028 589 1071 permotus
616 1028 740 1059 castra
767 1034 813 1059 ex
840 1021 1077 1072 Biturigibus
1103 1028 1234 1061 movet
1254 1021 1293 1059 in
1314 1024 1511 1060 Arvernos

188 1097 330 1123 versus.

241 1152 294 1188 At
333 1151 478 1189 Caesar
516 1149 682 1189 biduum
723 1150 761 1188 in
805 1150 864 1188 his
907 1150 1002 1189 locis
1041 1158 1223 1197 moratuS,
1265 1152 1374 1200 quod
1412 1152 1556 1196 haec9

186 1214 237 1252 de
270 1214 587 1265 Vercingetorige
621 1228 694 1253 usu
732 1222 893 1253 ventura
924 1214 1110 1265 opinione
1142 1222 1401 1265 praeceperat,
1442 1228 1511 1264 per

185 1291 345 1316 causam
375 1279 639 1328 supplementi
666 1279 941 1329 equitatusque
967 1279 1136 1329 cogendi
1162 1280 1212 1317 ab
1242 1279 1411 1318 exercitu
1437 1279 1511 1318 dis-

185 1342 317 1391 cedit3
366 1345 530 1382 Brutum
568 1345 861 1382 adulescentem
902 1344 961 1382 his
1001 1343 1124 1394 copiis
1163 1343 1365 1394 praeficit3
1405 1345 1510 1382 hunc
1532 1358 1546 1378 2

187 1415 320 1446 monet
353 1415 395 1446 ut
430 1407 469 1445 in
503 1408 630 1446 omnis
665 1408 782 1458 partis
816 1408 967 1458 equites
1002 1421 1120 1458 quam
1160 1408 1346 1447 latissime
1380 1422 1511 1459 perva-

185 1479 349 1523 gentur:
391 1474 575 1511 daturum
609 1486 651 1511 se
684 1486 845 1522 operam
874 1487 924 1511 ne
953 1473 1106 1524 longius
1136 1473 1266 1512 triduo
1295 1474 1345 1512 ab
1375 1473 1509 1512 castris

185 1537 297 1575 absit.
376 1537 452 1575 His
493 1537 715 1576 constitutis
759 1539 884 1585 rebus,
927 1538 1005 1576 suis
1054 1538 1351 1588 inopinantibus
1390 1550 1547 1589 quan13

186 1601 364 1640 maximis
396 1609 525 1652 potest
559 1602 761 1640 itineribus
796 1603 992 1641 Viennam
1024 1603 1209 1652 pervenit.
1271 1603 1332 1641 Ibi
1371 1611 1508 1642 nactus
1529 1616 1548 1646 4

185 1673 381 1704 recentem
398 1666 625 1716 equitatum,
642 1680 759 1716 quem
777 1667 907 1705 multis
920 1674 1011 1706 ante
1031 1667 1171 1706 diebus
1185 1681 1232 1706 eo
1246 1668 1505 1717 praemiserat,

186 1744 315 1780 neque
344 1731 485 1769 diurno
515 1745 643 1781 neque
672 1739 865 1770 nocturno
904 1732 1040 1771 itinere
1069 1732 1289 1771 intermisso
1324 1746 1392 1783 per
1421 1733 1508 1772 finis

185 1796 415 1834 Aeduorum
437 1796 476 1833 in
498 1796 695 1846 Lingones
716 1796 929 1843 contendit,
953 1796 1021 1835 ubi
1050 1798 1152 1836 duae
1172 1797 1344 1847 legiones
1365 1798 1508 1836 hiema-

186 1860 290 1907 bant,
323 1868 375 1907 ut,
412 1860 444 1898 si
473 1860 568 1909 quid
602 1861 718 1899 etiam
754 1862 804 1900 de
834 1875 904 1900 sua
933 1863 1056 1900 salute
1084 1863 1134 1901 ab
1169 1862 1319 1901 Aeduis
1348 1862 1508 1902 iniretur

185 1924 334 1971 consili,
371 1924 568 1963 celeritate
605 1933 877 1974 praecurreret.
950 1928 1009 1965 Eo
1041 1940 1131 1965 cum
1167 1928 1415 1977 pervenisset,
1456 1930 1544 1971 ad5

184 1989 351 2038 reliquas
390 1989 561 2039 legiones
596 1989 713 2028 mittit
744 1990 929 2041 priusque
968 1991 1096 2029 omnis
1135 1991 1174 2029 in
1214 2006 1336 2030 unum
1375 1994 1506 2031 locum

186 2054 289 2103 cogit
316 2067 434 2104 quam
455 2056 505 2093 de
526 2054 607 2093 eius
627 2056 799 2094 adventu
820 2056 1003 2094 Arvernis
1024 2056 1192 2095 nuntiari
1214 2064 1356 2106 posset.
1416 2058 1507 2096 Hac
1526 2067 1545 2098 6

185 2132 225 2156 re
253 2119 418 2168 cognita,
442 2118 735 2169 Vercingetorix
767 2133 895 2158 rursus
920 2120 959 2157 in
991 2120 1182 2170 Bituriges
1213 2120 1424 2159 exercitum
1454 2135 1507 2160 re-

184 2182 291 2220 ducit
311 2190 430 2232 atque
450 2182 542 2222 inde
562 2185 759 2233 profectus
785 2184 1065 2234 Gorgobinam,
1092 2185 1278 2224 Boiorum
1301 2185 1502 2235 oppidum,

226 2298 245 2326 3
268 2287 381 2318 labore
407 2289 430 2321 β
561 2299 582 2326 9
614 2298 652 2318 ac
681 2299 747 2319 om.
774 2290 797 2322 B
872 2289 999 2320 nuntiis
1021 2288 1066 2319 ed.
1098 2299 1132 2319 11
1270 2300 1305 2319 11
1340 2300 1428 2320 neue
1465 2291 1506 2320 ab

183 2330 335 2361 hostibus
358 2331 558 2370 diripiantur
574 2343 593 2360 α
608 2342 613 2360 :
640 2342 680 2361 ve
702 2331 757 2362 del.
778 2331 1014 2372 Dz'ttenberger:
1041 2343 1106 2362 neu
1124 2342 1162 2362 se
1179 2332 1219 2363 ab
1236 2333 1388 2364 hostibus
1406 2333 1505 2372 diripi

183 2374 327 2412 patiatur
343 2376 365 2409 β
501 2384 538 2412 13
564 2374 597 2404 in
615 2376 636 2409 β
653 2385 659 2405 t
684 2385 744 2413 per
760 2385 779 2403 α
916 2377 953 2405 16
971 2385 1030 2406 usu
1054 2375 1098 2405 T:
1125 2385 1204 2406 usus
1221 2375 1278 2406 ac]
