<?xml version="1.0" encoding="UTF-8"?>
<!DOCTYPE html PUBLIC "-//W3C//DTD XHTML 1.0 Transitional//EN"
    "http://www.w3.org/TR/xhtml1/DTD/xhtml1-transitional.dtd">
<html xmlns="http://www.w3.org/1999/xhtml" xml:lang="en" lang="en">
 <head>
  <title>
</title>
<meta http-equiv="Content-Type" content="text/html;charset=utf-8" />
  <meta name='ocr-system' content='tesseract 3.04.00' />
  <meta name='ocr-capabilities' content='ocr_page ocr_carea ocr_par ocr_line ocrx_word'/>
</head>
<body>
  <div class='ocr_page' id='page_1' title='image "./commentariorumpa01caesuoft/commentariorumpa01caesuoft_0095.png"; bbox 0 0 1768 2739; ppageno 0'>
   <div class='ocr_carea' id='block_1_1' title="bbox 463 144 1245 182">
    <p class='ocr_par' dir='ltr' id='par_1_1' title="bbox 463 144 1245 182">
     <span class='ocr_line' id='line_1_1' title="bbox 463 144 1245 182; baseline 0.001 -1"><span class='ocrx_word' id='word_1_1' title='bbox 463 145 535 181; x_wconf 78' lang='lat' dir='ltr'>DE</span> <span class='ocrx_word' id='word_1_2' title='bbox 567 144 746 181; x_wconf 88' lang='lat' dir='ltr'>BELLO</span> <span class='ocrx_word' id='word_1_3' title='bbox 776 145 1020 182; x_wconf 84' lang='lat' dir='ltr'>GALLICO</span> <span class='ocrx_word' id='word_1_4' title='bbox 1052 146 1153 182; x_wconf 87' lang='lat' dir='ltr'>LIB.</span> <span class='ocrx_word' id='word_1_5' title='bbox 1188 147 1245 182; x_wconf 63' lang='lat' dir='ltr'>IV</span> 
     </span>
    </p>
   </div>
   <div class='ocr_carea' id='block_1_2' title="bbox 126 254 1586 2438">
    <p class='ocr_par' dir='ltr' id='par_1_2' title="bbox 133 254 1553 888">
     <span class='ocr_line' id='line_1_2' title="bbox 192 254 1552 307; baseline 0.001 -14"><span class='ocrx_word' id='word_1_6' title='bbox 192 257 279 293; x_wconf 88' lang='lat' dir='ltr'>cula</span> <span class='ocrx_word' id='word_1_7' title='bbox 299 255 542 294; x_wconf 88' lang='lat' dir='ltr'>coiecerant:</span> <span class='ocrx_word' id='word_1_8' title='bbox 571 262 654 293; x_wconf 87' lang='lat' dir='ltr'>tum</span> <span class='ocrx_word' id='word_1_9' title='bbox 676 254 824 304; x_wconf 85' lang='lat' dir='ltr'>proelio</span> <span class='ocrx_word' id='word_1_10' title='bbox 845 256 948 292; x_wconf 87' lang='lat' dir='ltr'>facto</span> <span class='ocrx_word' id='word_1_11' title='bbox 969 255 1210 294; x_wconf 86' lang='lat' dir='ltr'>remiserunt.</span> <span class='ocrx_word' id='word_1_12' title='bbox 1272 259 1319 295; x_wconf 87' lang='lat' dir='ltr'>In</span> <span class='ocrx_word' id='word_1_13' title='bbox 1343 259 1514 307; x_wconf 88' lang='lat' dir='ltr'>petenda</span> <span class='ocrx_word' id='word_1_14' title='bbox 1533 274 1552 302; x_wconf 78' lang='lat'><strong>4</strong></span> 
     </span>
     <span class='ocr_line' id='line_1_3' title="bbox 191 318 1515 371; baseline 0.002 -13"><span class='ocrx_word' id='word_1_15' title='bbox 191 334 288 370; x_wconf 88' lang='lat' dir='ltr'>pace</span> <span class='ocrx_word' id='word_1_16' title='bbox 308 320 390 359; x_wconf 90' lang='lat' dir='ltr'>eius</span> <span class='ocrx_word' id='word_1_17' title='bbox 411 320 464 358; x_wconf 91' lang='lat' dir='ltr'>rei</span> <span class='ocrx_word' id='word_1_18' title='bbox 485 321 640 368; x_wconf 90' lang='lat' dir='ltr'>culpam</span> <span class='ocrx_word' id='word_1_19' title='bbox 667 318 707 356; x_wconf 89' lang='lat' dir='ltr'>in</span> <span class='ocrx_word' id='word_1_20' title='bbox 735 318 1027 357; x_wconf 78' lang='lat' dir='ltr'>multitudinem</span> <span class='ocrx_word' id='word_1_21' title='bbox 1050 320 1274 359; x_wconf 78' lang='lat' dir='ltr'>coiecerunt</span> <span class='ocrx_word' id='word_1_22' title='bbox 1295 330 1333 360; x_wconf 90' lang='lat' dir='ltr'>et</span> <span class='ocrx_word' id='word_1_23' title='bbox 1357 329 1515 371; x_wconf 85' lang='lat' dir='ltr'>propter</span> 
     </span>
     <span class='ocr_line' id='line_1_4' title="bbox 191 383 1551 436; baseline 0.002 -14"><span class='ocrx_word' id='word_1_24' title='bbox 191 384 495 434; x_wconf 80' lang='lat' dir='ltr'>imprudentiam</span> <span class='ocrx_word' id='word_1_25' title='bbox 526 391 568 422; x_wconf 91' lang='lat' dir='ltr'>ut</span> <span class='ocrx_word' id='word_1_26' title='bbox 594 383 859 433; x_wconf 80' lang='lat' dir='ltr'><strong>ignosceretur</strong></span> <span class='ocrx_word' id='word_1_27' title='bbox 888 384 1118 433; x_wconf 83' lang='lat' dir='ltr'>petiverunt.</span> <span class='ocrx_word' id='word_1_28' title='bbox 1179 386 1324 424; x_wconf 87' lang='lat' dir='ltr'>Caesar</span> <span class='ocrx_word' id='word_1_29' title='bbox 1352 394 1513 436; x_wconf 89' lang='lat' dir='ltr'>questus</span> <span class='ocrx_word' id='word_1_30' title='bbox 1534 403 1551 433; x_wconf 87' lang='lat'>5</span> 
     </span>
     <span class='ocr_line' id='line_1_5' title="bbox 191 448 1514 500; baseline 0.001 -12"><span class='ocrx_word' id='word_1_31' title='bbox 191 451 309 499; x_wconf 87' lang='lat' dir='ltr'>quod,</span> <span class='ocrx_word' id='word_1_32' title='bbox 344 462 433 487; x_wconf 91' lang='lat' dir='ltr'>cum</span> <span class='ocrx_word' id='word_1_33' title='bbox 463 450 564 487; x_wconf 92' lang='lat' dir='ltr'>ultro</span> <span class='ocrx_word' id='word_1_34' title='bbox 594 448 634 486; x_wconf 92' lang='lat' dir='ltr'>in</span> <span class='ocrx_word' id='word_1_35' title='bbox 663 448 934 487; x_wconf 90' lang='lat' dir='ltr'>continentem</span> <span class='ocrx_word' id='word_1_36' title='bbox 965 449 1101 498; x_wconf 83' lang='lat' dir='ltr'>legatis</span> <span class='ocrx_word' id='word_1_37' title='bbox 1132 449 1260 488; x_wconf 89' lang='lat' dir='ltr'>missis</span> <span class='ocrx_word' id='word_1_38' title='bbox 1291 464 1429 500; x_wconf 90' lang='lat' dir='ltr'>pacem</span> <span class='ocrx_word' id='word_1_39' title='bbox 1464 452 1514 490; x_wconf 90' lang='lat' dir='ltr'>ab</span> 
     </span>
     <span class='ocr_line' id='line_1_6' title="bbox 153 512 1515 564; baseline 0.001 -12"><span class='ocrx_word' id='word_1_40' title='bbox 153 530 170 560; x_wconf 80' lang='lat'>5</span> <span class='ocrx_word' id='word_1_41' title='bbox 191 528 232 552; x_wconf 92' lang='lat' dir='ltr'>se</span> <span class='ocrx_word' id='word_1_42' title='bbox 262 513 460 563; x_wconf 90' lang='lat' dir='ltr'>petissent,</span> <span class='ocrx_word' id='word_1_43' title='bbox 495 513 642 550; x_wconf 88' lang='lat' dir='ltr'>bellum</span> <span class='ocrx_word' id='word_1_44' title='bbox 675 512 758 551; x_wconf 88' lang='lat' dir='ltr'>sine</span> <span class='ocrx_word' id='word_1_45' title='bbox 792 527 909 552; x_wconf 88' lang='lat' dir='ltr'>causa</span> <span class='ocrx_word' id='word_1_46' title='bbox 942 513 1176 561; x_wconf 81' lang='lat' dir='ltr'>intulissent,</span> <span class='ocrx_word' id='word_1_47' title='bbox 1212 514 1414 564; x_wconf 78' lang='lat' dir='ltr'>ignoscere</span> <span class='ocrx_word' id='word_1_48' title='bbox 1448 516 1515 553; x_wconf 90' lang='lat' dir='ltr'>im-</span> 
     </span>
     <span class='ocr_line' id='line_1_7' title="bbox 190 576 1553 629; baseline 0.001 -13"><span class='ocrx_word' id='word_1_49' title='bbox 190 578 420 628; x_wconf 81' lang='lat' dir='ltr'>prudentiae</span> <span class='ocrx_word' id='word_1_50' title='bbox 441 576 537 615; x_wconf 85' lang='lat' dir='ltr'>dixit</span> <span class='ocrx_word' id='word_1_51' title='bbox 562 577 802 627; x_wconf 84' lang='lat' dir='ltr'>obsidesque</span> <span class='ocrx_word' id='word_1_52' title='bbox 830 578 1061 628; x_wconf 77' lang='lat' dir='ltr'>imperavit3</span> <span class='ocrx_word' id='word_1_53' title='bbox 1089 592 1258 628; x_wconf 91' lang='lat' dir='ltr'>quorum</span> <span class='ocrx_word' id='word_1_54' title='bbox 1282 579 1337 617; x_wconf 87' lang='lat' dir='ltr'>illi</span> <span class='ocrx_word' id='word_1_55' title='bbox 1364 587 1513 629; x_wconf 89' lang='lat' dir='ltr'>partem</span> <span class='ocrx_word' id='word_1_56' title='bbox 1534 591 1553 621; x_wconf 83' lang='lat'><strong>6</strong></span> 
     </span>
     <span class='ocr_line' id='line_1_8' title="bbox 189 642 1513 693; baseline 0.001 -12"><span class='ocrx_word' id='word_1_57' title='bbox 189 643 319 681; x_wconf 87' lang='lat' dir='ltr'>statim</span> <span class='ocrx_word' id='word_1_58' title='bbox 340 643 545 688; x_wconf 90' lang='lat' dir='ltr'>dederunt,</span> <span class='ocrx_word' id='word_1_59' title='bbox 568 649 717 691; x_wconf 90' lang='lat' dir='ltr'>partem</span> <span class='ocrx_word' id='word_1_60' title='bbox 739 656 785 680; x_wconf 86' lang='lat' dir='ltr'>ex</span> <span class='ocrx_word' id='word_1_61' title='bbox 804 642 1145 693; x_wconf 81' lang='lat' dir='ltr'>longinquioribus</span> <span class='ocrx_word' id='word_1_62' title='bbox 1167 643 1262 682; x_wconf 91' lang='lat' dir='ltr'>locis</span> <span class='ocrx_word' id='word_1_63' title='bbox 1286 644 1513 683; x_wconf 78' lang='lat' dir='ltr'>accersitam</span> 
     </span>
     <span class='ocr_line' id='line_1_9' title="bbox 189 707 1552 758; baseline 0.001 -13"><span class='ocrx_word' id='word_1_64' title='bbox 189 708 323 758; x_wconf 84' lang='lat' dir='ltr'>paucis</span> <span class='ocrx_word' id='word_1_65' title='bbox 353 707 494 745; x_wconf 89' lang='lat' dir='ltr'>diebus</span> <span class='ocrx_word' id='word_1_66' title='bbox 526 720 611 744; x_wconf 88' lang='lat' dir='ltr'>sese</span> <span class='ocrx_word' id='word_1_67' title='bbox 645 707 805 745; x_wconf 88' lang='lat' dir='ltr'>daturos</span> <span class='ocrx_word' id='word_1_68' title='bbox 838 707 1030 746; x_wconf 87' lang='lat' dir='ltr'>dixerunt.</span> <span class='ocrx_word' id='word_1_69' title='bbox 1090 709 1247 746; x_wconf 80' lang='lat' dir='ltr'>Interea</span> <span class='ocrx_word' id='word_1_70' title='bbox 1280 722 1371 747; x_wconf 92' lang='lat' dir='ltr'>suos</span> <span class='ocrx_word' id='word_1_71' title='bbox 1405 708 1552 758; x_wconf 85' lang='lat' dir='ltr'>remi-7</span> 
     </span>
     <span class='ocr_line' id='line_1_10' title="bbox 188 770 1515 823; baseline 0.001 -13"><span class='ocrx_word' id='word_1_72' title='bbox 188 786 295 823; x_wconf 84' lang='lat' dir='ltr'>grare</span> <span class='ocrx_word' id='word_1_73' title='bbox 328 771 369 809; x_wconf 88' lang='lat' dir='ltr'>in</span> <span class='ocrx_word' id='word_1_74' title='bbox 402 784 514 821; x_wconf 83' lang='lat' dir='ltr'>agros</span> <span class='ocrx_word' id='word_1_75' title='bbox 545 770 750 818; x_wconf 84' lang='lat' dir='ltr'>iusserunt,</span> <span class='ocrx_word' id='word_1_76' title='bbox 784 771 1061 822; x_wconf 87' lang='lat' dir='ltr'>principesque</span> <span class='ocrx_word' id='word_1_77' title='bbox 1094 772 1271 822; x_wconf 91' lang='lat' dir='ltr'>undique</span> <span class='ocrx_word' id='word_1_78' title='bbox 1304 773 1515 812; x_wconf 89' lang='lat' dir='ltr'>convenire</span> 
     </span>
     <span class='ocr_line' id='line_1_11' title="bbox 133 835 1399 888; baseline 0.002 -14"><span class='ocrx_word' id='word_1_79' title='bbox 133 852 171 874; x_wconf 90' lang='lat'>10</span> <span class='ocrx_word' id='word_1_80' title='bbox 188 845 226 876; x_wconf 89' lang='lat' dir='ltr'>et</span> <span class='ocrx_word' id='word_1_81' title='bbox 247 850 288 876; x_wconf 89' lang='lat' dir='ltr'>se</span> <span class='ocrx_word' id='word_1_82' title='bbox 308 835 564 886; x_wconf 83' lang='lat' dir='ltr'>civitatesque</span> <span class='ocrx_word' id='word_1_83' title='bbox 584 849 673 874; x_wconf 87' lang='lat' dir='ltr'>suas</span> <span class='ocrx_word' id='word_1_84' title='bbox 695 836 853 875; x_wconf 78' lang='lat' dir='ltr'>Caesari</span> <span class='ocrx_word' id='word_1_85' title='bbox 872 838 1153 876; x_wconf 88' lang='lat' dir='ltr'>commendare</span> <span class='ocrx_word' id='word_1_86' title='bbox 1174 845 1399 888; x_wconf 89' lang='lat' dir='ltr'>coeperunt.</span> 
     </span>
    </p>

    <p class='ocr_par' dir='ltr' id='par_1_3' title="bbox 187 901 1586 1147">
     <span class='ocr_line' id='line_1_12' title="bbox 243 901 1586 953; baseline 0.001 -14"><span class='ocrx_word' id='word_1_87' title='bbox 243 901 319 939; x_wconf 84' lang='lat' dir='ltr'>His</span> <span class='ocrx_word' id='word_1_88' title='bbox 354 901 468 938; x_wconf 88' lang='lat' dir='ltr'>rebus</span> <span class='ocrx_word' id='word_1_89' title='bbox 508 913 605 950; x_wconf 91' lang='lat' dir='ltr'>pace</span> <span class='ocrx_word' id='word_1_90' title='bbox 643 902 883 947; x_wconf 89' lang='lat' dir='ltr'>confirmata,</span> <span class='ocrx_word' id='word_1_91' title='bbox 916 909 1006 951; x_wconf 87' lang='lat' dir='ltr'>post</span> <span class='ocrx_word' id='word_1_92' title='bbox 1039 901 1145 940; x_wconf 87' lang='lat' dir='ltr'>diem</span> <span class='ocrx_word' id='word_1_93' title='bbox 1177 910 1360 952; x_wconf 87' lang='lat' dir='ltr'>quartum</span> <span class='ocrx_word' id='word_1_94' title='bbox 1393 915 1511 953; x_wconf 89' lang='lat' dir='ltr'>quam</span> <span class='ocrx_word' id='word_1_95' title='bbox 1533 901 1586 940; x_wconf 90' lang='lat'>28</span> 
     </span>
     <span class='ocr_line' id='line_1_13' title="bbox 187 964 1515 1017; baseline 0 -12"><span class='ocrx_word' id='word_1_96' title='bbox 187 974 246 1005; x_wconf 85' lang='lat' dir='ltr'>est</span> <span class='ocrx_word' id='word_1_97' title='bbox 279 966 319 1004; x_wconf 90' lang='lat' dir='ltr'>in</span> <span class='ocrx_word' id='word_1_98' title='bbox 352 964 595 1003; x_wconf 83' lang='lat' dir='ltr'>Britanniam</span> <span class='ocrx_word' id='word_1_99' title='bbox 627 972 788 1003; x_wconf 86' lang='lat' dir='ltr'>ventum</span> <span class='ocrx_word' id='word_1_100' title='bbox 822 979 941 1004; x_wconf 89' lang='lat' dir='ltr'>naves</span> <span class='ocrx_word' id='word_1_101' title='bbox 979 978 1097 1013; x_wconf 85' lang='lat' dir='ltr'>XVIII,</span> <span class='ocrx_word' id='word_1_102' title='bbox 1132 967 1183 1005; x_wconf 89' lang='lat' dir='ltr'>de</span> <span class='ocrx_word' id='word_1_103' title='bbox 1221 967 1366 1016; x_wconf 90' lang='lat' dir='ltr'>quibus</span> <span class='ocrx_word' id='word_1_104' title='bbox 1398 981 1515 1017; x_wconf 89' lang='lat' dir='ltr'>supra</span> 
     </span>
     <span class='ocr_line' id='line_1_14' title="bbox 188 1030 1514 1082; baseline 0.001 -13"><span class='ocrx_word' id='word_1_105' title='bbox 188 1032 500 1069; x_wconf 86' lang='lat' dir='ltr'>demonstratum</span> <span class='ocrx_word' id='word_1_106' title='bbox 534 1036 601 1076; x_wconf 90' lang='lat' dir='ltr'>est,</span> <span class='ocrx_word' id='word_1_107' title='bbox 637 1043 738 1079; x_wconf 88' lang='lat' dir='ltr'>quae</span> <span class='ocrx_word' id='word_1_108' title='bbox 771 1030 923 1080; x_wconf 87' lang='lat' dir='ltr'>equites</span> <span class='ocrx_word' id='word_1_109' title='bbox 954 1032 1200 1078; x_wconf 87' lang='lat' dir='ltr'>sustulerant,</span> <span class='ocrx_word' id='word_1_110' title='bbox 1235 1045 1282 1070; x_wconf 86' lang='lat' dir='ltr'>ex</span> <span class='ocrx_word' id='word_1_111' title='bbox 1315 1031 1514 1082; x_wconf 87' lang='lat' dir='ltr'>superiore</span> 
     </span>
     <span class='ocr_line' id='line_1_15' title="bbox 188 1094 1550 1147; baseline -0.001 -14"><span class='ocrx_word' id='word_1_112' title='bbox 188 1103 303 1145; x_wconf 90' lang='lat' dir='ltr'>portu</span> <span class='ocrx_word' id='word_1_113' title='bbox 336 1094 414 1133; x_wconf 89' lang='lat' dir='ltr'>leni</span> <span class='ocrx_word' id='word_1_114' title='bbox 448 1102 566 1132; x_wconf 86' lang='lat' dir='ltr'>vento</span> <span class='ocrx_word' id='word_1_115' title='bbox 600 1096 808 1133; x_wconf 84' lang='lat' dir='ltr'>solverunt.</span> <span class='ocrx_word' id='word_1_116' title='bbox 882 1096 996 1144; x_wconf 86' lang='lat' dir='ltr'>Quae</span> <span class='ocrx_word' id='word_1_117' title='bbox 1029 1109 1120 1134; x_wconf 91' lang='lat' dir='ltr'>cum</span> <span class='ocrx_word' id='word_1_118' title='bbox 1153 1097 1514 1147; x_wconf 84' lang='lat' dir='ltr'>appropinquarent</span> <span class='ocrx_word' id='word_1_119' title='bbox 1534 1109 1550 1132; x_wconf 78' lang='lat'><strong>2</strong></span> 
     </span>
    </p>

    <p class='ocr_par' dir='ltr' id='par_1_4' title="bbox 132 1158 1552 1466">
     <span class='ocr_line' id='line_1_16' title="bbox 132 1158 1514 1211; baseline 0.002 -14"><span class='ocrx_word' id='word_1_120' title='bbox 132 1176 169 1208; x_wconf 81' lang='lat'>15</span> <span class='ocrx_word' id='word_1_121' title='bbox 190 1159 414 1198; x_wconf 84' lang='lat' dir='ltr'>Britanniae</span> <span class='ocrx_word' id='word_1_122' title='bbox 447 1167 485 1197; x_wconf 90' lang='lat' dir='ltr'>et</span> <span class='ocrx_word' id='word_1_123' title='bbox 512 1172 559 1197; x_wconf 84' lang='lat' dir='ltr'>ex</span> <span class='ocrx_word' id='word_1_124' title='bbox 585 1158 718 1197; x_wconf 88' lang='lat' dir='ltr'>castris</span> <span class='ocrx_word' id='word_1_125' title='bbox 744 1159 978 1207; x_wconf 89' lang='lat' dir='ltr'>viderentur,</span> <span class='ocrx_word' id='word_1_126' title='bbox 1004 1167 1113 1198; x_wconf 87' lang='lat' dir='ltr'>tanta</span> <span class='ocrx_word' id='word_1_127' title='bbox 1139 1168 1351 1211; x_wconf 83' lang='lat' dir='ltr'>tempestas</span> <span class='ocrx_word' id='word_1_128' title='bbox 1382 1161 1514 1200; x_wconf 89' lang='lat' dir='ltr'>subito</span> 
     </span>
     <span class='ocr_line' id='line_1_17' title="bbox 188 1225 1513 1275; baseline 0.002 -13"><span class='ocrx_word' id='word_1_129' title='bbox 188 1231 322 1262; x_wconf 89' lang='lat' dir='ltr'>coorta</span> <span class='ocrx_word' id='word_1_130' title='bbox 348 1231 406 1262; x_wconf 89' lang='lat' dir='ltr'>est</span> <span class='ocrx_word' id='word_1_131' title='bbox 435 1230 478 1262; x_wconf 88' lang='lat' dir='ltr'>ut</span> <span class='ocrx_word' id='word_1_132' title='bbox 505 1225 612 1261; x_wconf 90' lang='lat' dir='ltr'>nulla</span> <span class='ocrx_word' id='word_1_133' title='bbox 638 1236 770 1261; x_wconf 90' lang='lat' dir='ltr'>earum</span> <span class='ocrx_word' id='word_1_134' title='bbox 800 1237 957 1262; x_wconf 87' lang='lat' dir='ltr'>cursum</span> <span class='ocrx_word' id='word_1_135' title='bbox 987 1231 1119 1263; x_wconf 89' lang='lat' dir='ltr'>tenere</span> <span class='ocrx_word' id='word_1_136' title='bbox 1149 1233 1291 1275; x_wconf 88' lang='lat' dir='ltr'>posset,</span> <span class='ocrx_word' id='word_1_137' title='bbox 1316 1227 1386 1264; x_wconf 91' lang='lat' dir='ltr'>sed</span> <span class='ocrx_word' id='word_1_138' title='bbox 1414 1225 1513 1264; x_wconf 88' lang='lat' dir='ltr'>aliae</span> 
     </span>
     <span class='ocr_line' id='line_1_18' title="bbox 187 1288 1512 1337; baseline 0.002 -11"><span class='ocrx_word' id='word_1_139' title='bbox 187 1289 330 1326; x_wconf 90' lang='lat' dir='ltr'>eodem</span> <span class='ocrx_word' id='word_1_140' title='bbox 351 1289 457 1326; x_wconf 88' lang='lat' dir='ltr'>unde</span> <span class='ocrx_word' id='word_1_141' title='bbox 478 1295 586 1325; x_wconf 86' lang='lat' dir='ltr'>erant</span> <span class='ocrx_word' id='word_1_142' title='bbox 607 1289 805 1337; x_wconf 89' lang='lat' dir='ltr'>profectae</span> <span class='ocrx_word' id='word_1_143' title='bbox 825 1289 1065 1335; x_wconf 89' lang='lat' dir='ltr'>referrentur,</span> <span class='ocrx_word' id='word_1_144' title='bbox 1089 1288 1187 1327; x_wconf 87' lang='lat' dir='ltr'>aliae</span> <span class='ocrx_word' id='word_1_145' title='bbox 1212 1291 1262 1328; x_wconf 89' lang='lat' dir='ltr'>ad</span> <span class='ocrx_word' id='word_1_146' title='bbox 1291 1290 1512 1329; x_wconf 88' lang='lat' dir='ltr'>inferiorem</span> 
     </span>
     <span class='ocr_line' id='line_1_19' title="bbox 186 1352 1513 1404; baseline 0.003 -15"><span class='ocrx_word' id='word_1_147' title='bbox 186 1360 336 1401; x_wconf 83' lang='lat' dir='ltr'>partem</span> <span class='ocrx_word' id='word_1_148' title='bbox 363 1352 522 1398; x_wconf 89' lang='lat' dir='ltr'>insulae,</span> <span class='ocrx_word' id='word_1_149' title='bbox 553 1364 653 1401; x_wconf 88' lang='lat' dir='ltr'>quae</span> <span class='ocrx_word' id='word_1_150' title='bbox 678 1359 736 1390; x_wconf 83' lang='lat' dir='ltr'>est</span> <span class='ocrx_word' id='word_1_151' title='bbox 760 1352 919 1402; x_wconf 88' lang='lat' dir='ltr'>propius</span> <span class='ocrx_word' id='word_1_152' title='bbox 944 1353 1036 1391; x_wconf 88' lang='lat' dir='ltr'>solis</span> <span class='ocrx_word' id='word_1_153' title='bbox 1063 1366 1258 1400; x_wconf 85' lang='lat' dir='ltr'>occasum,</span> <span class='ocrx_word' id='word_1_154' title='bbox 1287 1368 1430 1404; x_wconf 84' lang='lat' dir='ltr'>magno</span> <span class='ocrx_word' id='word_1_155' title='bbox 1454 1356 1513 1394; x_wconf 87' lang='lat' dir='ltr'>sui</span> 
     </span>
     <span class='ocr_line' id='line_1_20' title="bbox 186 1415 1552 1466; baseline 0.003 -12"><span class='ocrx_word' id='word_1_156' title='bbox 186 1429 276 1454; x_wconf 91' lang='lat' dir='ltr'>cum</span> <span class='ocrx_word' id='word_1_157' title='bbox 297 1416 471 1466; x_wconf 91' lang='lat' dir='ltr'>periculo</span> <span class='ocrx_word' id='word_1_158' title='bbox 494 1415 740 1455; x_wconf 88' lang='lat' dir='ltr'>deicerentur</span> <span class='ocrx_word' id='word_1_159' title='bbox 754 1431 763 1463; x_wconf 80' lang='lat'><em>3</em></span> <span class='ocrx_word' id='word_1_160' title='bbox 793 1429 894 1466; x_wconf 89' lang='lat' dir='ltr'>quae</span> <span class='ocrx_word' id='word_1_161' title='bbox 926 1424 1068 1464; x_wconf 89' lang='lat' dir='ltr'>tamen,</span> <span class='ocrx_word' id='word_1_162' title='bbox 1099 1418 1251 1457; x_wconf 88' lang='lat' dir='ltr'>ancoris</span> <span class='ocrx_word' id='word_1_163' title='bbox 1276 1418 1395 1466; x_wconf 84' lang='lat' dir='ltr'>iactis,</span> <span class='ocrx_word' id='word_1_164' title='bbox 1423 1433 1512 1458; x_wconf 91' lang='lat' dir='ltr'>cum</span> <span class='ocrx_word' id='word_1_165' title='bbox 1535 1435 1552 1465; x_wconf 77' lang='lat'>3</span> 
     </span>
    </p>

    <p class='ocr_par' dir='ltr' id='par_1_5' title="bbox 129 1481 1511 1596">
     <span class='ocr_line' id='line_1_21' title="bbox 129 1481 1511 1530; baseline 0.001 -10"><span class='ocrx_word' id='word_1_166' title='bbox 129 1499 167 1522; x_wconf 88' lang='lat'>20</span> <span class='ocrx_word' id='word_1_167' title='bbox 186 1482 370 1520; x_wconf 83' lang='lat' dir='ltr'>fluctibus</span> <span class='ocrx_word' id='word_1_168' title='bbox 400 1482 700 1530; x_wconf 87' lang='lat' dir='ltr'>complerentur,</span> <span class='ocrx_word' id='word_1_169' title='bbox 733 1481 953 1520; x_wconf 82' lang='lat' dir='ltr'>necessario</span> <span class='ocrx_word' id='word_1_170' title='bbox 982 1483 1145 1521; x_wconf 87' lang='lat' dir='ltr'>adversa</span> <span class='ocrx_word' id='word_1_171' title='bbox 1174 1490 1291 1521; x_wconf 89' lang='lat' dir='ltr'>nocte</span> <span class='ocrx_word' id='word_1_172' title='bbox 1320 1483 1359 1521; x_wconf 90' lang='lat' dir='ltr'>in</span> <span class='ocrx_word' id='word_1_173' title='bbox 1389 1485 1511 1522; x_wconf 91' lang='lat' dir='ltr'>altum</span> 
     </span>
     <span class='ocr_line' id='line_1_22' title="bbox 186 1545 919 1596; baseline 0 -12"><span class='ocrx_word' id='word_1_174' title='bbox 186 1553 403 1596; x_wconf 87' lang='lat' dir='ltr'>provectae,</span> <span class='ocrx_word' id='word_1_175' title='bbox 427 1545 695 1584; x_wconf 87' lang='lat' dir='ltr'>continentem</span> <span class='ocrx_word' id='word_1_176' title='bbox 716 1545 919 1595; x_wconf 86' lang='lat' dir='ltr'>petierunt.</span> 
     </span>
    </p>

    <p class='ocr_par' dir='ltr' id='par_1_6' title="bbox 185 1609 1585 1790">
     <span class='ocr_line' id='line_1_23' title="bbox 241 1609 1585 1662; baseline 0.001 -15"><span class='ocrx_word' id='word_1_177' title='bbox 241 1611 391 1648; x_wconf 89' lang='lat' dir='ltr'>Eadem</span> <span class='ocrx_word' id='word_1_178' title='bbox 418 1617 534 1648; x_wconf 91' lang='lat' dir='ltr'>nocte</span> <span class='ocrx_word' id='word_1_179' title='bbox 560 1609 704 1648; x_wconf 88' lang='lat' dir='ltr'>accidit</span> <span class='ocrx_word' id='word_1_180' title='bbox 725 1617 766 1648; x_wconf 89' lang='lat' dir='ltr'>ut</span> <span class='ocrx_word' id='word_1_181' title='bbox 794 1618 894 1649; x_wconf 88' lang='lat' dir='ltr'>esset</span> <span class='ocrx_word' id='word_1_182' title='bbox 919 1612 1011 1649; x_wconf 90' lang='lat' dir='ltr'>luna</span> <span class='ocrx_word' id='word_1_183' title='bbox 1043 1613 1167 1661; x_wconf 90' lang='lat' dir='ltr'>plena,</span> <span class='ocrx_word' id='word_1_184' title='bbox 1193 1612 1260 1662; x_wconf 90' lang='lat' dir='ltr'>qui</span> <span class='ocrx_word' id='word_1_185' title='bbox 1286 1612 1371 1651; x_wconf 87' lang='lat' dir='ltr'>dies</span> <span class='ocrx_word' id='word_1_186' title='bbox 1403 1613 1511 1651; x_wconf 89' lang='lat' dir='ltr'>mari·</span> <span class='ocrx_word' id='word_1_187' title='bbox 1530 1622 1585 1661; x_wconf 88' lang='lat'>29</span> 
     </span>
     <span class='ocr_line' id='line_1_24' title="bbox 185 1674 1512 1724; baseline 0.002 -11"><span class='ocrx_word' id='word_1_188' title='bbox 185 1675 302 1713; x_wconf 90' lang='lat' dir='ltr'>timos</span> <span class='ocrx_word' id='word_1_189' title='bbox 335 1682 466 1713; x_wconf 89' lang='lat' dir='ltr'>aestus</span> <span class='ocrx_word' id='word_1_190' title='bbox 501 1674 690 1712; x_wconf 86' lang='lat' dir='ltr'>maximos</span> <span class='ocrx_word' id='word_1_191' title='bbox 725 1674 764 1711; x_wconf 88' lang='lat' dir='ltr'>in</span> <span class='ocrx_word' id='word_1_192' title='bbox 800 1675 962 1713; x_wconf 87' lang='lat' dir='ltr'>Oceano</span> <span class='ocrx_word' id='word_1_193' title='bbox 994 1676 1145 1714; x_wconf 86' lang='lat' dir='ltr'>efficere</span> <span class='ocrx_word' id='word_1_194' title='bbox 1176 1677 1389 1724; x_wconf 85' lang='lat' dir='ltr'>consuevit,</span> <span class='ocrx_word' id='word_1_195' title='bbox 1426 1690 1512 1715; x_wconf 91' lang='lat' dir='ltr'>nos-</span> 
     </span>
     <span class='ocr_line' id='line_1_25' title="bbox 185 1737 1546 1790; baseline 0.001 -13"><span class='ocrx_word' id='word_1_196' title='bbox 185 1739 331 1789; x_wconf 87' lang='lat' dir='ltr'>trisque</span> <span class='ocrx_word' id='word_1_197' title='bbox 370 1739 411 1777; x_wconf 87' lang='lat' dir='ltr'>id</span> <span class='ocrx_word' id='word_1_198' title='bbox 445 1746 524 1776; x_wconf 90' lang='lat' dir='ltr'>erat</span> <span class='ocrx_word' id='word_1_199' title='bbox 563 1737 816 1788; x_wconf 85' lang='lat' dir='ltr'>incognitum.</span> <span class='ocrx_word' id='word_1_200' title='bbox 878 1740 939 1777; x_wconf 84' lang='lat' dir='ltr'>Ita</span> <span class='ocrx_word' id='word_1_201' title='bbox 976 1753 1056 1777; x_wconf 92' lang='lat' dir='ltr'>uno</span> <span class='ocrx_word' id='word_1_202' title='bbox 1095 1747 1271 1789; x_wconf 89' lang='lat' dir='ltr'>tempore</span> <span class='ocrx_word' id='word_1_203' title='bbox 1305 1748 1343 1778; x_wconf 90' lang='lat' dir='ltr'>et</span> <span class='ocrx_word' id='word_1_204' title='bbox 1376 1742 1511 1790; x_wconf 85' lang='lat' dir='ltr'>longas</span> <span class='ocrx_word' id='word_1_205' title='bbox 1532 1759 1546 1779; x_wconf 91' lang='lat'>2</span> 
     </span>
    </p>

    <p class='ocr_par' dir='ltr' id='par_1_7' title="bbox 128 1803 1548 2113">
     <span class='ocr_line' id='line_1_26' title="bbox 128 1803 1511 1854; baseline 0.001 -12"><span class='ocrx_word' id='word_1_206' title='bbox 128 1822 163 1854; x_wconf 84' lang='lat'>²5</span> <span class='ocrx_word' id='word_1_207' title='bbox 186 1804 305 1850; x_wconf 89' lang='lat' dir='ltr'>navis,</span> <span class='ocrx_word' id='word_1_208' title='bbox 335 1803 478 1853; x_wconf 91' lang='lat' dir='ltr'>quibus</span> <span class='ocrx_word' id='word_1_209' title='bbox 509 1804 652 1842; x_wconf 89' lang='lat' dir='ltr'>Caesar</span> <span class='ocrx_word' id='word_1_210' title='bbox 692 1803 903 1841; x_wconf 81' lang='lat' dir='ltr'>exercitum</span> <span class='ocrx_word' id='word_1_211' title='bbox 938 1806 1283 1854; x_wconf 88' lang='lat' dir='ltr'>transportandum</span> <span class='ocrx_word' id='word_1_212' title='bbox 1314 1814 1511 1844; x_wconf 90' lang='lat' dir='ltr'>curaverat</span> 
     </span>
     <span class='ocr_line' id='line_1_27' title="bbox 184 1867 1510 1918; baseline 0.002 -13"><span class='ocrx_word' id='word_1_213' title='bbox 184 1881 361 1918; x_wconf 90' lang='lat' dir='ltr'>quasque</span> <span class='ocrx_word' id='word_1_214' title='bbox 408 1868 447 1905; x_wconf 92' lang='lat' dir='ltr'>in</span> <span class='ocrx_word' id='word_1_215' title='bbox 492 1867 645 1906; x_wconf 87' lang='lat' dir='ltr'>aridum</span> <span class='ocrx_word' id='word_1_216' title='bbox 704 1868 952 1915; x_wconf 84' lang='lat' dir='ltr'>subduxerat,</span> <span class='ocrx_word' id='word_1_217' title='bbox 996 1875 1126 1907; x_wconf 89' lang='lat' dir='ltr'>aestus</span> <span class='ocrx_word' id='word_1_218' title='bbox 1169 1871 1431 1918; x_wconf 89' lang='lat' dir='ltr'>compleverat</span> <span class='ocrx_word' id='word_1_219' title='bbox 1473 1877 1510 1909; x_wconf 90' lang='lat' dir='ltr'>et</span> 
     </span>
     <span class='ocr_line' id='line_1_28' title="bbox 185 1932 1511 1983; baseline 0.003 -14"><span class='ocrx_word' id='word_1_220' title='bbox 185 1932 390 1979; x_wconf 85' lang='lat' dir='ltr'>onerarias,</span> <span class='ocrx_word' id='word_1_221' title='bbox 423 1946 523 1981; x_wconf 90' lang='lat' dir='ltr'>quae</span> <span class='ocrx_word' id='word_1_222' title='bbox 553 1933 604 1971; x_wconf 91' lang='lat' dir='ltr'>ad</span> <span class='ocrx_word' id='word_1_223' title='bbox 632 1946 795 1971; x_wconf 88' lang='lat' dir='ltr'>ancoras</span> <span class='ocrx_word' id='word_1_224' title='bbox 827 1941 936 1971; x_wconf 85' lang='lat' dir='ltr'>erant</span> <span class='ocrx_word' id='word_1_225' title='bbox 966 1933 1169 1983; x_wconf 85' lang='lat' dir='ltr'>deligatae,</span> <span class='ocrx_word' id='word_1_226' title='bbox 1201 1942 1413 1983; x_wconf 89' lang='lat' dir='ltr'>tempestas</span> <span class='ocrx_word' id='word_1_227' title='bbox 1446 1936 1511 1974; x_wconf 89' lang='lat' dir='ltr'>ad-</span> 
     </span>
     <span class='ocr_line' id='line_1_29' title="bbox 185 1996 1510 2046; baseline 0.003 -13"><span class='ocrx_word' id='word_1_228' title='bbox 185 1996 368 2042; x_wconf 88' lang='lat' dir='ltr'>flictabat,</span> <span class='ocrx_word' id='word_1_229' title='bbox 398 2010 526 2046; x_wconf 90' lang='lat' dir='ltr'>neque</span> <span class='ocrx_word' id='word_1_230' title='bbox 556 1998 634 2035; x_wconf 86' lang='lat' dir='ltr'>ulla</span> <span class='ocrx_word' id='word_1_231' title='bbox 664 1997 804 2036; x_wconf 87' lang='lat' dir='ltr'>nostris</span> <span class='ocrx_word' id='word_1_232' title='bbox 832 1999 994 2036; x_wconf 87' lang='lat' dir='ltr'>facultas</span> <span class='ocrx_word' id='word_1_233' title='bbox 1023 2006 1089 2036; x_wconf 90' lang='lat' dir='ltr'>aut</span> <span class='ocrx_word' id='word_1_234' title='bbox 1116 1998 1415 2037; x_wconf 88' lang='lat' dir='ltr'>administrandi</span> <span class='ocrx_word' id='word_1_235' title='bbox 1444 2008 1510 2038; x_wconf 90' lang='lat' dir='ltr'>aut</span> 
     </span>
     <span class='ocr_line' id='line_1_30' title="bbox 184 2060 1548 2113; baseline 0.003 -15"><span class='ocrx_word' id='word_1_236' title='bbox 184 2060 396 2099; x_wconf 84' lang='lat' dir='ltr'>auxiliandi</span> <span class='ocrx_word' id='word_1_237' title='bbox 426 2061 601 2099; x_wconf 87' lang='lat' dir='ltr'>dabatur.</span> <span class='ocrx_word' id='word_1_238' title='bbox 662 2062 942 2112; x_wconf 85' lang='lat' dir='ltr'>Compluribus</span> <span class='ocrx_word' id='word_1_239' title='bbox 972 2063 1137 2101; x_wconf 87' lang='lat' dir='ltr'>navibus</span> <span class='ocrx_word' id='word_1_240' title='bbox 1169 2063 1308 2110; x_wconf 87' lang='lat' dir='ltr'>fractis,</span> <span class='ocrx_word' id='word_1_241' title='bbox 1340 2063 1510 2113; x_wconf 86' lang='lat' dir='ltr'>reliquae</span> <span class='ocrx_word' id='word_1_242' title='bbox 1531 2077 1548 2107; x_wconf 84' lang='lat'>3</span> 
     </span>
    </p>

    <p class='ocr_par' dir='ltr' id='par_1_8' title="bbox 126 2125 1546 2438">
     <span class='ocr_line' id='line_1_31' title="bbox 126 2125 1510 2177; baseline 0.002 -13"><span class='ocrx_word' id='word_1_243' title='bbox 126 2142 166 2173; x_wconf 82' lang='lat'>30</span> <span class='ocrx_word' id='word_1_244' title='bbox 185 2138 274 2163; x_wconf 94' lang='lat' dir='ltr'>cum</span> <span class='ocrx_word' id='word_1_245' title='bbox 297 2133 426 2164; x_wconf 90' lang='lat' dir='ltr'>essent</span> <span class='ocrx_word' id='word_1_246' title='bbox 448 2125 617 2173; x_wconf 89' lang='lat' dir='ltr'>funibus,</span> <span class='ocrx_word' id='word_1_247' title='bbox 639 2126 802 2173; x_wconf 89' lang='lat' dir='ltr'>ancoris,</span> <span class='ocrx_word' id='word_1_248' title='bbox 823 2127 1061 2177; x_wconf 88' lang='lat' dir='ltr'>reliquisque</span> <span class='ocrx_word' id='word_1_249' title='bbox 1086 2128 1338 2167; x_wconf 89' lang='lat' dir='ltr'>armamentis</span> <span class='ocrx_word' id='word_1_250' title='bbox 1359 2128 1510 2167; x_wconf 85' lang='lat' dir='ltr'>amissis</span> 
     </span>
     <span class='ocr_line' id='line_1_32' title="bbox 183 2190 1510 2241; baseline 0.002 -14"><span class='ocrx_word' id='word_1_251' title='bbox 183 2190 234 2227; x_wconf 91' lang='lat' dir='ltr'>ad</span> <span class='ocrx_word' id='word_1_252' title='bbox 273 2190 536 2239; x_wconf 83' lang='lat' dir='ltr'>navigandum</span> <span class='ocrx_word' id='word_1_253' title='bbox 585 2190 751 2237; x_wconf 90' lang='lat' dir='ltr'>inutiles,</span> <span class='ocrx_word' id='word_1_254' title='bbox 792 2205 943 2241; x_wconf 83' lang='lat' dir='ltr'>magna,</span> <span class='ocrx_word' id='word_1_255' title='bbox 986 2192 1026 2230; x_wconf 90' lang='lat' dir='ltr'>id</span> <span class='ocrx_word' id='word_1_256' title='bbox 1074 2195 1182 2241; x_wconf 90' lang='lat' dir='ltr'>quod</span> <span class='ocrx_word' id='word_1_257' title='bbox 1232 2206 1392 2232; x_wconf 90' lang='lat' dir='ltr'>necesse</span> <span class='ocrx_word' id='word_1_258' title='bbox 1430 2200 1510 2231; x_wconf 88' lang='lat' dir='ltr'>erat</span> 
     </span>
     <span class='ocr_line' id='line_1_33' title="bbox 182 2254 1546 2308; baseline 0.004 -17"><span class='ocrx_word' id='word_1_259' title='bbox 182 2254 371 2301; x_wconf 87' lang='lat' dir='ltr'>accidere,</span> <span class='ocrx_word' id='word_1_260' title='bbox 412 2254 531 2292; x_wconf 88' lang='lat' dir='ltr'>totius</span> <span class='ocrx_word' id='word_1_261' title='bbox 570 2255 758 2294; x_wconf 86' lang='lat' dir='ltr'>exercitus</span> <span class='ocrx_word' id='word_1_262' title='bbox 799 2257 1038 2305; x_wconf 88' lang='lat' dir='ltr'>perturbatio</span> <span class='ocrx_word' id='word_1_263' title='bbox 1078 2259 1179 2295; x_wconf 86' lang='lat' dir='ltr'>facta</span> <span class='ocrx_word' id='word_1_264' title='bbox 1221 2266 1288 2296; x_wconf 88' lang='lat' dir='ltr'>est.</span> <span class='ocrx_word' id='word_1_265' title='bbox 1368 2260 1546 2308; x_wconf 89' lang='lat' dir='ltr'>Neque4</span> 
     </span>
     <span class='ocr_line' id='line_1_34' title="bbox 183 2318 1510 2371; baseline 0.005 -15"><span class='ocrx_word' id='word_1_266' title='bbox 183 2318 288 2357; x_wconf 88' lang='lat' dir='ltr'>enim</span> <span class='ocrx_word' id='word_1_267' title='bbox 316 2332 433 2357; x_wconf 90' lang='lat' dir='ltr'>naves</span> <span class='ocrx_word' id='word_1_268' title='bbox 461 2327 568 2357; x_wconf 88' lang='lat' dir='ltr'>erant</span> <span class='ocrx_word' id='word_1_269' title='bbox 595 2320 692 2358; x_wconf 86' lang='lat' dir='ltr'>aliae</span> <span class='ocrx_word' id='word_1_270' title='bbox 720 2321 863 2370; x_wconf 91' lang='lat' dir='ltr'>quibus</span> <span class='ocrx_word' id='word_1_271' title='bbox 898 2321 1083 2371; x_wconf 86' lang='lat' dir='ltr'>reportari</span> <span class='ocrx_word' id='word_1_272' title='bbox 1113 2330 1284 2371; x_wconf 90' lang='lat' dir='ltr'>possent,</span> <span class='ocrx_word' id='word_1_273' title='bbox 1311 2331 1348 2361; x_wconf 91' lang='lat' dir='ltr'>et</span> <span class='ocrx_word' id='word_1_274' title='bbox 1376 2325 1510 2363; x_wconf 89' lang='lat' dir='ltr'>omnia</span> 
     </span>
     <span class='ocr_line' id='line_1_35' title="bbox 182 2383 1508 2438; baseline 0.005 -18"><span class='ocrx_word' id='word_1_275' title='bbox 182 2383 344 2421; x_wconf 88' lang='lat' dir='ltr'>deerant</span> <span class='ocrx_word' id='word_1_276' title='bbox 382 2395 483 2432; x_wconf 86' lang='lat' dir='ltr'>quae</span> <span class='ocrx_word' id='word_1_277' title='bbox 521 2385 571 2422; x_wconf 90' lang='lat' dir='ltr'>ad</span> <span class='ocrx_word' id='word_1_278' title='bbox 611 2384 840 2423; x_wconf 85' lang='lat' dir='ltr'>reficiendas</span> <span class='ocrx_word' id='word_1_279' title='bbox 892 2385 998 2423; x_wconf 83' lang='lat' dir='ltr'>navis</span> <span class='ocrx_word' id='word_1_280' title='bbox 1038 2393 1146 2424; x_wconf 89' lang='lat' dir='ltr'>erant</span> <span class='ocrx_word' id='word_1_281' title='bbox 1181 2387 1267 2425; x_wconf 88' lang='lat' dir='ltr'>usui</span> <span class='ocrx_word' id='word_1_282' title='bbox 1310 2395 1358 2434; x_wconf 85' lang='lat' dir='ltr'>et,</span> <span class='ocrx_word' id='word_1_283' title='bbox 1400 2391 1508 2438; x_wconf 90' lang='lat' dir='ltr'>quod</span> 
     </span>
    </p>
   </div>
  </div>
 </body>
</html>
