<?xml version="1.0" encoding="UTF-8"?>
<!DOCTYPE html PUBLIC "-//W3C//DTD XHTML 1.0 Transitional//EN"
    "http://www.w3.org/TR/xhtml1/DTD/xhtml1-transitional.dtd">
<html xmlns="http://www.w3.org/1999/xhtml" xml:lang="en" lang="en">
 <head>
  <title>
</title>
<meta http-equiv="Content-Type" content="text/html;charset=utf-8" />
  <meta name='ocr-system' content='tesseract 3.04.00' />
  <meta name='ocr-capabilities' content='ocr_page ocr_carea ocr_par ocr_line ocrx_word'/>
</head>
<body>
  <div class='ocr_page' id='page_1' title='image "./commentariorumpa01caesuoft_0099.png"; bbox 0 0 1768 2739; ppageno 0'>
   <div class='ocr_carea' id='block_1_1' title="bbox 95 853 131 874">
    <p class='ocr_par' dir='ltr' id='par_1_1' title="bbox 95 853 131 874">
     <span class='ocr_line' id='line_1_1' title="bbox 95 853 131 874; baseline 0.028 -1"><span class='ocrx_word' id='word_1_1' title='bbox 95 853 131 874; x_wconf 89' lang='lat'>10</span> 
     </span>
    </p>
   </div>
   <div class='ocr_carea' id='block_1_2' title="bbox 91 1174 127 1205">
    <p class='ocr_par' dir='ltr' id='par_1_2' title="bbox 91 1174 127 1205">
     <span class='ocr_line' id='line_1_2' title="bbox 91 1174 127 1205; baseline 0 0"><span class='ocrx_word' id='word_1_2' title='bbox 91 1174 127 1205; x_wconf 81' lang='grc' dir='ltr'>Ι5</span> 
     </span>
    </p>
   </div>
   <div class='ocr_carea' id='block_1_3' title="bbox 427 152 1211 191">
    <p class='ocr_par' dir='ltr' id='par_1_3' title="bbox 427 152 1211 191">
     <span class='ocr_line' id='line_1_3' title="bbox 427 152 1211 191; baseline 0 -2"><span class='ocrx_word' id='word_1_3' title='bbox 427 153 501 190; x_wconf 93' lang='lat' dir='ltr'>DE</span> <span class='ocrx_word' id='word_1_4' title='bbox 532 152 711 190; x_wconf 92' lang='lat' dir='ltr'>BELLO</span> <span class='ocrx_word' id='word_1_5' title='bbox 741 152 986 191; x_wconf 84' lang='lat' dir='ltr'>GALLICO</span> <span class='ocrx_word' id='word_1_6' title='bbox 1017 153 1118 190; x_wconf 83' lang='lat' dir='ltr'><strong>LIB.</strong></span> <span class='ocrx_word' id='word_1_7' title='bbox 1153 153 1211 189; x_wconf 90' lang='lat' dir='ltr'>IV</span> 
     </span>
    </p>
   </div>
   <div class='ocr_carea' id='block_1_4' title="bbox 155 261 1516 441">
    <p class='ocr_par' dir='ltr' id='par_1_4' title="bbox 155 261 1516 441">
     <span class='ocr_line' id='line_1_4' title="bbox 157 261 1516 311; baseline 0.001 -12"><span class='ocrx_word' id='word_1_8' title='bbox 157 261 381 300; x_wconf 90' lang='lat' dir='ltr'>vulneribus</span> <span class='ocrx_word' id='word_1_9' title='bbox 410 261 580 311; x_wconf 87' lang='lat' dir='ltr'>acceptis</span> <span class='ocrx_word' id='word_1_10' title='bbox 614 261 825 310; x_wconf 89' lang='lat' dir='ltr'>compluris</span> <span class='ocrx_word' id='word_1_11' title='bbox 859 275 905 299; x_wconf 84' lang='lat' dir='ltr'>ex</span> <span class='ocrx_word' id='word_1_12' title='bbox 944 261 1002 299; x_wconf 89' lang='lat' dir='ltr'>his</span> <span class='ocrx_word' id='word_1_13' title='bbox 1032 261 1271 300; x_wconf 90' lang='lat' dir='ltr'>occiderunt.</span> <span class='ocrx_word' id='word_1_14' title='bbox 1336 264 1516 305; x_wconf 89' lang='lat' dir='ltr'>Postea4</span> 
     </span>
     <span class='ocr_line' id='line_1_5' title="bbox 156 325 1477 377; baseline 0.001 -13"><span class='ocrx_word' id='word_1_15' title='bbox 156 340 247 365; x_wconf 90' lang='lat' dir='ltr'>vero</span> <span class='ocrx_word' id='word_1_16' title='bbox 278 340 397 377; x_wconf 85' lang='lat' dir='ltr'>quam</span> <span class='ocrx_word' id='word_1_17' title='bbox 431 326 625 376; x_wconf 79' lang='lat' dir='ltr'>equitatus</span> <span class='ocrx_word' id='word_1_18' title='bbox 664 333 796 364; x_wconf 88' lang='lat' dir='ltr'>noster</span> <span class='ocrx_word' id='word_1_19' title='bbox 830 325 869 364; x_wconf 92' lang='lat' dir='ltr'>in</span> <span class='ocrx_word' id='word_1_20' title='bbox 905 333 1162 376; x_wconf 87' lang='lat' dir='ltr'>conspectum</span> <span class='ocrx_word' id='word_1_21' title='bbox 1194 326 1310 374; x_wconf 87' lang='lat' dir='ltr'>venit,</span> <span class='ocrx_word' id='word_1_22' title='bbox 1344 328 1477 365; x_wconf 85' lang='lat' dir='ltr'>hostes</span> 
     </span>
     <span class='ocr_line' id='line_1_6' title="bbox 155 390 1477 441; baseline 0.001 -12"><span class='ocrx_word' id='word_1_23' title='bbox 155 390 318 429; x_wconf 88' lang='lat' dir='ltr'>abiectis</span> <span class='ocrx_word' id='word_1_24' title='bbox 344 391 460 429; x_wconf 84' lang='lat' dir='ltr'>armis</span> <span class='ocrx_word' id='word_1_25' title='bbox 489 398 594 441; x_wconf 84' lang='lat' dir='ltr'>terga</span> <span class='ocrx_word' id='word_1_26' title='bbox 628 397 825 430; x_wconf 87' lang='lat' dir='ltr'>verterunt</span> <span class='ocrx_word' id='word_1_27' title='bbox 856 403 1101 441; x_wconf 86' lang='lat' dir='ltr'>magnusque</span> <span class='ocrx_word' id='word_1_28' title='bbox 1128 404 1264 430; x_wconf 88' lang='lat' dir='ltr'>eorum</span> <span class='ocrx_word' id='word_1_29' title='bbox 1292 405 1477 430; x_wconf 90' lang='lat' dir='ltr'>numerus</span> 
     </span>
    </p>
   </div>
   <div class='ocr_carea' id='block_1_5' title="bbox 148 454 1548 1346">
    <p class='ocr_par' dir='ltr' id='par_1_5' title="bbox 154 454 395 493">
     <span class='ocr_line' id='line_1_7' title="bbox 154 454 395 493; baseline 0 0"><span class='ocrx_word' id='word_1_30' title='bbox 154 462 213 493; x_wconf 88' lang='lat' dir='ltr'>est</span> <span class='ocrx_word' id='word_1_31' title='bbox 233 454 395 493; x_wconf 88' lang='lat' dir='ltr'>occisus.</span> 
     </span>
    </p>

    <p class='ocr_par' dir='ltr' id='par_1_6' title="bbox 148 519 1548 1346">
     <span class='ocr_line' id='line_1_8' title="bbox 208 519 1548 569; baseline 0.001 -12"><span class='ocrx_word' id='word_1_32' title='bbox 208 520 352 558; x_wconf 85' lang='lat' dir='ltr'>Caesar</span> <span class='ocrx_word' id='word_1_33' title='bbox 394 525 551 569; x_wconf 86' lang='lat' dir='ltr'>postero</span> <span class='ocrx_word' id='word_1_34' title='bbox 598 519 662 558; x_wconf 87' lang='lat' dir='ltr'>die</span> <span class='ocrx_word' id='word_1_35' title='bbox 705 521 750 557; x_wconf 93' lang='lat' dir='ltr'>T.</span> <span class='ocrx_word' id='word_1_36' title='bbox 798 519 1017 558; x_wconf 79' lang='lat' dir='ltr'>Labienum</span> <span class='ocrx_word' id='word_1_37' title='bbox 1065 521 1236 569; x_wconf 85' lang='lat' dir='ltr'>legatum</span> <span class='ocrx_word' id='word_1_38' title='bbox 1284 533 1374 558; x_wconf 89' lang='lat' dir='ltr'>cum</span> <span class='ocrx_word' id='word_1_39' title='bbox 1422 520 1476 558; x_wconf 89' lang='lat' dir='ltr'>eis</span> <span class='ocrx_word' id='word_1_40' title='bbox 1497 522 1548 568; x_wconf 87' lang='lat'>38</span> 
     </span>
     <span class='ocr_line' id='line_1_9' title="bbox 152 583 1476 634; baseline 0.001 -13"><span class='ocrx_word' id='word_1_41' title='bbox 152 583 371 633; x_wconf 79' lang='lat' dir='ltr'>legionibus</span> <span class='ocrx_word' id='word_1_42' title='bbox 403 596 501 633; x_wconf 88' lang='lat' dir='ltr'>quas</span> <span class='ocrx_word' id='word_1_43' title='bbox 538 597 584 622; x_wconf 87' lang='lat' dir='ltr'>ex</span> <span class='ocrx_word' id='word_1_44' title='bbox 623 583 824 623; x_wconf 81' lang='lat' dir='ltr'>Britannia</span> <span class='ocrx_word' id='word_1_45' title='bbox 861 585 1065 623; x_wconf 86' lang='lat' dir='ltr'>reduxerat</span> <span class='ocrx_word' id='word_1_46' title='bbox 1103 584 1143 622; x_wconf 88' lang='lat' dir='ltr'>in</span> <span class='ocrx_word' id='word_1_47' title='bbox 1187 584 1366 623; x_wconf 82' lang='lat' dir='ltr'>Morinos</span> <span class='ocrx_word' id='word_1_48' title='bbox 1409 584 1476 634; x_wconf 86' lang='lat' dir='ltr'>qui</span> 
     </span>
     <span class='ocr_line' id='line_1_10' title="bbox 152 647 1510 699; baseline 0.003 -14"><span class='ocrx_word' id='word_1_49' title='bbox 152 647 405 686; x_wconf 88' lang='lat' dir='ltr'>rebellionem</span> <span class='ocrx_word' id='word_1_50' title='bbox 444 650 615 687; x_wconf 77' lang='lat' dir='ltr'>fecerant</span> <span class='ocrx_word' id='word_1_51' title='bbox 646 648 760 687; x_wconf 86' lang='lat' dir='ltr'>misit.</span> <span class='ocrx_word' id='word_1_52' title='bbox 839 649 919 697; x_wconf 85' lang='lat' dir='ltr'>Qui</span> <span class='ocrx_word' id='word_1_53' title='bbox 957 662 1048 687; x_wconf 92' lang='lat' dir='ltr'>cum</span> <span class='ocrx_word' id='word_1_54' title='bbox 1086 656 1244 699; x_wconf 89' lang='lat' dir='ltr'>propter</span> <span class='ocrx_word' id='word_1_55' title='bbox 1281 648 1474 687; x_wconf 82' lang='lat' dir='ltr'>siccitates</span> <span class='ocrx_word' id='word_1_56' title='bbox 1497 669 1510 689; x_wconf 87' lang='lat'><em>2</em></span> 
     </span>
     <span class='ocr_line' id='line_1_11' title="bbox 151 713 1475 764; baseline 0.002 -15"><span class='ocrx_word' id='word_1_57' title='bbox 151 714 339 761; x_wconf 85' lang='lat' dir='ltr'>paludum</span> <span class='ocrx_word' id='word_1_58' title='bbox 370 726 449 763; x_wconf 85' lang='lat' dir='ltr'>quo</span> <span class='ocrx_word' id='word_1_59' title='bbox 483 727 524 751; x_wconf 93' lang='lat' dir='ltr'>se</span> <span class='ocrx_word' id='word_1_60' title='bbox 563 713 779 763; x_wconf 89' lang='lat' dir='ltr'>reciperent</span> <span class='ocrx_word' id='word_1_61' title='bbox 818 727 898 752; x_wconf 89' lang='lat' dir='ltr'>non</span> <span class='ocrx_word' id='word_1_62' title='bbox 937 714 1138 760; x_wconf 84' lang='lat' dir='ltr'>haberent,</span> <span class='ocrx_word' id='word_1_63' title='bbox 1168 727 1247 764; x_wconf 86' lang='lat' dir='ltr'>quo</span> <span class='ocrx_word' id='word_1_64' title='bbox 1277 713 1475 763; x_wconf 87' lang='lat' dir='ltr'>superiore</span> 
     </span>
     <span class='ocr_line' id='line_1_12' title="bbox 150 777 1473 828; baseline 0.002 -14"><span class='ocrx_word' id='word_1_65' title='bbox 150 790 256 815; x_wconf 81' lang='lat' dir='ltr'>anno</span> <span class='ocrx_word' id='word_1_66' title='bbox 283 777 458 827; x_wconf 89' lang='lat' dir='ltr'>perfugio</span> <span class='ocrx_word' id='word_1_67' title='bbox 485 786 593 816; x_wconf 85' lang='lat' dir='ltr'>erant</span> <span class='ocrx_word' id='word_1_68' title='bbox 617 778 687 825; x_wconf 87' lang='lat' dir='ltr'>usi,</span> <span class='ocrx_word' id='word_1_69' title='bbox 710 792 848 816; x_wconf 87' lang='lat' dir='ltr'>omnes</span> <span class='ocrx_word' id='word_1_70' title='bbox 878 779 956 816; x_wconf 89' lang='lat' dir='ltr'>fere</span> <span class='ocrx_word' id='word_1_71' title='bbox 983 778 1023 816; x_wconf 92' lang='lat' dir='ltr'>in</span> <span class='ocrx_word' id='word_1_72' title='bbox 1047 785 1281 828; x_wconf 86' lang='lat' dir='ltr'>potestatem</span> <span class='ocrx_word' id='word_1_73' title='bbox 1310 778 1473 817; x_wconf 87' lang='lat' dir='ltr'>Labieni</span> 
     </span>
     <span class='ocr_line' id='line_1_13' title="bbox 150 843 1511 893; baseline 0.001 -15"><span class='ocrx_word' id='word_1_74' title='bbox 150 850 418 890; x_wconf 84' lang='lat' dir='ltr'>pervenerunt.</span> <span class='ocrx_word' id='word_1_75' title='bbox 478 846 530 881; x_wconf 85' lang='lat' dir='ltr'>At</span> <span class='ocrx_word' id='word_1_76' title='bbox 570 845 618 892; x_wconf 85' lang='lat' dir='ltr'>Q.</span> <span class='ocrx_word' id='word_1_77' title='bbox 653 843 825 881; x_wconf 89' lang='lat' dir='ltr'>Titurius</span> <span class='ocrx_word' id='word_1_78' title='bbox 865 850 902 881; x_wconf 90' lang='lat' dir='ltr'>et</span> <span class='ocrx_word' id='word_1_79' title='bbox 942 845 984 881; x_wconf 93' lang='lat' dir='ltr'>L.</span> <span class='ocrx_word' id='word_1_80' title='bbox 1022 844 1140 882; x_wconf 83' lang='lat' dir='ltr'>Cotta</span> <span class='ocrx_word' id='word_1_81' title='bbox 1177 843 1301 893; x_wconf 83' lang='lat' dir='ltr'>legati,</span> <span class='ocrx_word' id='word_1_82' title='bbox 1334 843 1399 892; x_wconf 86' lang='lat' dir='ltr'>qui</span> <span class='ocrx_word' id='word_1_83' title='bbox 1435 843 1511 885; x_wconf 82' lang='lat' dir='ltr'>in3</span> 
     </span>
     <span class='ocr_line' id='line_1_14' title="bbox 153 907 1473 958; baseline -0.001 -13"><span class='ocrx_word' id='word_1_84' title='bbox 153 908 429 958; x_wconf 83' lang='lat' dir='ltr'>Menapiorum</span> <span class='ocrx_word' id='word_1_85' title='bbox 459 909 546 947; x_wconf 90' lang='lat' dir='ltr'>finis</span> <span class='ocrx_word' id='word_1_86' title='bbox 572 909 744 958; x_wconf 81' lang='lat' dir='ltr'>legiones</span> <span class='ocrx_word' id='word_1_87' title='bbox 771 909 971 955; x_wconf 81' lang='lat' dir='ltr'>duxerant,</span> <span class='ocrx_word' id='word_1_88' title='bbox 999 907 1183 946; x_wconf 85' lang='lat' dir='ltr'>omnibus</span> <span class='ocrx_word' id='word_1_89' title='bbox 1213 921 1348 946; x_wconf 84' lang='lat' dir='ltr'>eorum</span> <span class='ocrx_word' id='word_1_90' title='bbox 1375 907 1473 956; x_wconf 81' lang='lat' dir='ltr'>agris</span> 
     </span>
     <span class='ocr_line' id='line_1_15' title="bbox 150 971 1473 1021; baseline 0 -12"><span class='ocrx_word' id='word_1_91' title='bbox 150 972 316 1019; x_wconf 84' lang='lat' dir='ltr'>vastatis,</span> <span class='ocrx_word' id='word_1_92' title='bbox 337 973 538 1011; x_wconf 84' lang='lat' dir='ltr'>frumentis</span> <span class='ocrx_word' id='word_1_93' title='bbox 563 972 733 1019; x_wconf 85' lang='lat' dir='ltr'>succisis,</span> <span class='ocrx_word' id='word_1_94' title='bbox 756 972 943 1011; x_wconf 84' lang='lat' dir='ltr'>aedificiis</span> <span class='ocrx_word' id='word_1_95' title='bbox 966 972 1147 1019; x_wconf 74' lang='lat' dir='ltr'>incensis,</span> <span class='ocrx_word' id='word_1_96' title='bbox 1166 972 1274 1021; x_wconf 86' lang='lat' dir='ltr'>quod</span> <span class='ocrx_word' id='word_1_97' title='bbox 1297 971 1473 1020; x_wconf 84' lang='lat' dir='ltr'>Menapii</span> 
     </span>
     <span class='ocr_line' id='line_1_16' title="bbox 150 1036 1472 1083; baseline -0.001 -10"><span class='ocrx_word' id='word_1_98' title='bbox 150 1049 191 1073; x_wconf 84' lang='lat' dir='ltr'>sc</span> <span class='ocrx_word' id='word_1_99' title='bbox 215 1049 351 1075; x_wconf 88' lang='lat' dir='ltr'>omnes</span> <span class='ocrx_word' id='word_1_100' title='bbox 376 1036 415 1074; x_wconf 91' lang='lat' dir='ltr'>in</span> <span class='ocrx_word' id='word_1_101' title='bbox 442 1037 693 1075; x_wconf 87' lang='lat' dir='ltr'>densissimas</span> <span class='ocrx_word' id='word_1_102' title='bbox 720 1037 832 1075; x_wconf 87' lang='lat' dir='ltr'>silvas</span> <span class='ocrx_word' id='word_1_103' title='bbox 859 1037 1102 1083; x_wconf 86' lang='lat' dir='ltr'>abdiderant,</span> <span class='ocrx_word' id='word_1_104' title='bbox 1127 1049 1167 1074; x_wconf 89' lang='lat' dir='ltr'>se</span> <span class='ocrx_word' id='word_1_105' title='bbox 1191 1037 1242 1074; x_wconf 86' lang='lat' dir='ltr'>ad</span> <span class='ocrx_word' id='word_1_106' title='bbox 1263 1037 1472 1074; x_wconf 83' lang='lat' dir='ltr'>Caesarem</span> 
     </span>
     <span class='ocr_line' id='line_1_17' title="bbox 150 1100 1509 1152; baseline 0 -15"><span class='ocrx_word' id='word_1_107' title='bbox 150 1108 388 1150; x_wconf 87' lang='lat' dir='ltr'>receperunt.</span> <span class='ocrx_word' id='word_1_108' title='bbox 447 1103 591 1141; x_wconf 89' lang='lat' dir='ltr'>Caesar</span> <span class='ocrx_word' id='word_1_109' title='bbox 624 1102 662 1139; x_wconf 91' lang='lat' dir='ltr'>in</span> <span class='ocrx_word' id='word_1_110' title='bbox 699 1102 826 1152; x_wconf 83' lang='lat' dir='ltr'>Belgis</span> <span class='ocrx_word' id='word_1_111' title='bbox 864 1101 1042 1139; x_wconf 89' lang='lat' dir='ltr'>omnium</span> <span class='ocrx_word' id='word_1_112' title='bbox 1076 1100 1274 1150; x_wconf 86' lang='lat' dir='ltr'>legionum</span> <span class='ocrx_word' id='word_1_113' title='bbox 1309 1100 1472 1138; x_wconf 88' lang='lat' dir='ltr'>hiberna</span> <span class='ocrx_word' id='word_1_114' title='bbox 1491 1115 1509 1145; x_wconf 77' lang='lat'>4</span> 
     </span>
     <span class='ocr_line' id='line_1_18' title="bbox 149 1164 1471 1205; baseline -0.001 -2"><span class='ocrx_word' id='word_1_115' title='bbox 149 1165 359 1204; x_wconf 88' lang='lat' dir='ltr'>constituit.</span> <span class='ocrx_word' id='word_1_116' title='bbox 420 1168 479 1204; x_wconf 93' lang='lat' dir='ltr'>Eo</span> <span class='ocrx_word' id='word_1_117' title='bbox 504 1168 605 1205; x_wconf 86' lang='lat' dir='ltr'>duae</span> <span class='ocrx_word' id='word_1_118' title='bbox 631 1166 794 1205; x_wconf 88' lang='lat' dir='ltr'>omnino</span> <span class='ocrx_word' id='word_1_119' title='bbox 821 1166 994 1204; x_wconf 84' lang='lat' dir='ltr'>civitates</span> <span class='ocrx_word' id='word_1_120' title='bbox 1021 1180 1068 1204; x_wconf 84' lang='lat' dir='ltr'>ex</span> <span class='ocrx_word' id='word_1_121' title='bbox 1089 1165 1289 1203; x_wconf 88' lang='lat' dir='ltr'>Britannia</span> <span class='ocrx_word' id='word_1_122' title='bbox 1313 1164 1471 1203; x_wconf 89' lang='lat' dir='ltr'>obsides</span> 
     </span>
     <span class='ocr_line' id='line_1_19' title="bbox 149 1229 1508 1280; baseline 0.002 -13"><span class='ocrx_word' id='word_1_123' title='bbox 149 1229 346 1277; x_wconf 88' lang='lat' dir='ltr'>miserunt,</span> <span class='ocrx_word' id='word_1_124' title='bbox 370 1230 540 1280; x_wconf 85' lang='lat' dir='ltr'>reliquae</span> <span class='ocrx_word' id='word_1_125' title='bbox 567 1232 827 1280; x_wconf 85' lang='lat' dir='ltr'>neglexerunt.</span> <span class='ocrx_word' id='word_1_126' title='bbox 889 1230 964 1268; x_wconf 91' lang='lat' dir='ltr'>His</span> <span class='ocrx_word' id='word_1_127' title='bbox 985 1231 1100 1268; x_wconf 90' lang='lat' dir='ltr'>rebus</span> <span class='ocrx_word' id='word_1_128' title='bbox 1120 1229 1247 1279; x_wconf 82' lang='lat' dir='ltr'>gestis,</span> <span class='ocrx_word' id='word_1_129' title='bbox 1270 1243 1317 1268; x_wconf 85' lang='lat' dir='ltr'>ex</span> <span class='ocrx_word' id='word_1_130' title='bbox 1336 1229 1470 1268; x_wconf 88' lang='lat' dir='ltr'>litteris</span> <span class='ocrx_word' id='word_1_131' title='bbox 1489 1239 1508 1270; x_wconf 88' lang='grc'>5</span> 
     </span>
     <span class='ocr_line' id='line_1_20' title="bbox 148 1295 1364 1346; baseline 0 -12"><span class='ocrx_word' id='word_1_132' title='bbox 148 1295 325 1334; x_wconf 85' lang='lat' dir='ltr'>Caesaris</span> <span class='ocrx_word' id='word_1_133' title='bbox 345 1295 496 1334; x_wconf 89' lang='lat' dir='ltr'>dierum</span> <span class='ocrx_word' id='word_1_134' title='bbox 517 1296 650 1345; x_wconf 82' lang='lat' dir='ltr'>viginti</span> <span class='ocrx_word' id='word_1_135' title='bbox 670 1295 903 1346; x_wconf 89' lang='lat' dir='ltr'>supplicatio</span> <span class='ocrx_word' id='word_1_136' title='bbox 921 1310 944 1334; x_wconf 90' lang='lat' dir='ltr'>a</span> <span class='ocrx_word' id='word_1_137' title='bbox 964 1303 1100 1334; x_wconf 86' lang='lat' dir='ltr'>senatu</span> <span class='ocrx_word' id='word_1_138' title='bbox 1121 1297 1277 1334; x_wconf 87' lang='lat' dir='ltr'>decreta</span> <span class='ocrx_word' id='word_1_139' title='bbox 1296 1302 1364 1334; x_wconf 82' lang='lat' dir='ltr'>est.</span> 
     </span>
    </p>
   </div>
   <div class='ocr_carea' id='block_1_6' title="bbox 194 1397 1426 1438">
    <p class='ocr_par' dir='ltr' id='par_1_7' title="bbox 194 1397 1426 1438">
     <span class='ocr_line' id='line_1_21' title="bbox 194 1397 1426 1438; baseline 0 -10"><span class='ocrx_word' id='word_1_140' title='bbox 194 1399 214 1428; x_wconf 89' lang='lat'>8</span> <span class='ocrx_word' id='word_1_141' title='bbox 236 1398 410 1438; x_wconf 86' lang='lat' dir='ltr'>superiore</span> <span class='ocrx_word' id='word_1_142' title='bbox 427 1408 515 1428; x_wconf 86' lang='lat' dir='ltr'>anno</span> <span class='ocrx_word' id='word_1_143' title='bbox 533 1397 729 1438; x_wconf 75' lang='lat' dir='ltr'>pel-fuerant</span> <span class='ocrx_word' id='word_1_144' title='bbox 745 1408 784 1428; x_wconf 78' lang='lat' dir='ltr'>a:</span> <span class='ocrx_word' id='word_1_145' title='bbox 820 1397 975 1437; x_wconf 85' lang='lat' dir='ltr'>perfugio</span> <span class='ocrx_word' id='word_1_146' title='bbox 994 1398 1168 1438; x_wconf 80' lang='lat' dir='ltr'>superiore</span> <span class='ocrx_word' id='word_1_147' title='bbox 1185 1408 1274 1429; x_wconf 84' lang='lat' dir='ltr'>anno</span> <span class='ocrx_word' id='word_1_148' title='bbox 1291 1401 1387 1429; x_wconf 84' lang='lat' dir='ltr'>erant</span> <span class='ocrx_word' id='word_1_149' title='bbox 1402 1399 1426 1432; x_wconf 79' lang='grc' dir='ltr'>β</span> 
     </span>
    </p>
   </div>
  </div>
 </body>
</html>
