1768 2739
110 873 147 895 10

109 1516 147 1538 20

109 2165 147 2194 30

431 166 503 202 DE
536 164 714 202 BELLO
747 164 991 201 GALLICO
1023 165 1124 202 LIB.
1161 165 1224 201 III

167 275 404 314 collocandis
429 284 545 324 atque
570 273 886 312 administrandis
915 284 1067 324 tempus
1095 276 1259 317 daretur,
1285 277 1416 313 hostes
1444 290 1489 314 ex

168 342 350 379 omnibus
379 340 548 390 partibus
577 340 686 389 signo
714 340 805 377 dato
831 340 1044 386 decurrere,
1068 339 1216 388 lapides
1236 354 1429 390 gaesaque
1451 341 1488 378 in

167 408 309 444 vallum
331 405 489 443 coicere.
550 404 680 442 Nostri
703 403 827 453 primo
849 403 1004 453 integris
1026 403 1169 441 viribus
1190 405 1337 443 fortiter
1358 419 1490 455 repug-
1514 421 1527 441 2

168 484 258 508 nare
287 483 415 519 neque
449 470 570 507 ullum
599 470 735 506 frustra
765 469 885 506 telum
911 482 956 505 ex
984 469 1071 506 loco
1099 468 1296 518 superiore
1323 469 1486 516 mittere,

166 543 208 573 ut
228 548 406 584 quaeque
427 547 512 584 pars
534 541 747 571 castrorum
772 534 918 571 nudata
946 532 1218 571 defensoribus
1243 533 1365 583 premi
1387 534 1490 573 vide-

167 600 286 646 batur,
311 613 357 637 eo
378 612 579 637 occurrere
600 605 637 637 et
657 597 842 636 auxilium
871 599 978 644 ferre,
1002 599 1071 636 sed
1092 599 1167 636 hoc
1189 598 1358 648 superari
1381 600 1490 649 quod
1514 612 1530 641 3

166 663 417 702 diuturnitate
444 676 598 713 pugnae
628 664 759 700 hostes
789 662 932 700 defessi
961 662 1109 712 proelio
1139 655 1394 710 excedebant,
1425 663 1489 701 alii

165 727 320 778 integris
336 727 480 766 viribus
501 727 767 766 succedebant
782 741 791 774 3
820 740 985 777 quarum
999 740 1125 765 rerum
1142 741 1164 765 a
1180 727 1319 766 nostris
1333 735 1492 778 propter
1512 740 1532 769 4

166 792 400 843 paucitatem
417 791 498 830 fieri
518 791 615 829 nihil
635 798 797 842 poterat,
813 805 858 829 ac
874 804 955 830 non
976 792 1097 830 modo
1117 792 1273 830 defesso
1294 806 1340 830 ex
1360 806 1492 843 pugna

166 856 381 896 excedendi
411 857 480 895 sed
504 869 554 894 ne
587 856 720 894 saucio
751 855 913 905 quidem
945 855 1027 894 eius
1057 855 1133 894 loci
1163 855 1230 894 ubi
1265 856 1491 896 constiterat

167 920 410 971 relinquendi
430 934 475 959 ac
496 920 554 959 sui
574 920 787 970 recipiendi
808 922 970 959 facultas
991 921 1165 959 dabatur.

220 987 322 1025 Cum
351 985 427 1023 iam
457 984 623 1034 amplius
656 984 761 1023 horis
796 998 861 1023 sex
892 984 1138 1023 continenter
1168 993 1414 1035 pugnaretur,
1443 999 1488 1025 ac
1509 996 1533 1035 5

166 1063 246 1088 non
280 1051 407 1088 solum
437 1049 535 1087 vires
574 1050 643 1087 sed
677 1048 795 1087 etiam
826 1051 902 1087 tela
935 1048 1076 1087 nostris
1115 1050 1339 1097 deficerent,
1370 1058 1489 1101 atque

167 1117 298 1153 hostes
336 1113 460 1153 acrius
499 1113 685 1151 instarent
733 1112 1120 1163 languidioribusque
1165 1114 1306 1152 nostris
1345 1116 1490 1153 vallum

167 1178 344 1218 scindere
382 1185 420 1216 et
450 1179 572 1216 fossas
606 1179 803 1226 complere
838 1177 1070 1226 coepissent,
1104 1191 1243 1228 resque
1277 1186 1379 1218 esset
1413 1179 1490 1218 iam

166 1244 217 1282 ad
251 1251 465 1282 extremum
496 1243 684 1292 perducta
718 1255 862 1287 casum,
901 1244 941 1279 P.
980 1241 1132 1280 Sextius
1164 1244 1345 1290 Baculus,
1377 1244 1491 1293 primi
1515 1257 1529 1278 2

167 1307 233 1356 pili
253 1306 439 1353 centurio,
462 1320 579 1356 quem
606 1305 774 1344 Nervico
799 1305 947 1355 pro-elio
971 1306 1238 1356 compluribus
1265 1309 1489 1346 confectum

166 1371 388 1410 vulneribus
409 1370 588 1416 diximus,
611 1377 648 1408 et
669 1370 762 1408 item
785 1372 827 1407 C.
852 1372 1087 1418 Volusenus,
1111 1370 1288 1409 tribunus
1310 1372 1488 1419 militum,

166 1436 221 1473 vir
251 1443 289 1473 et
320 1435 457 1474 consili
489 1435 617 1485 magni
651 1442 687 1473 et
722 1434 883 1481 virtutis,
917 1436 967 1473 ad
1000 1435 1167 1473 Galbam
1202 1444 1408 1474 accurrunt
1439 1445 1493 1475 at-

166 1514 242 1550 que
280 1513 397 1538 unam
437 1512 521 1537 esse
560 1512 668 1548 spem
709 1498 841 1536 salutis
881 1500 1037 1546 docent,
1078 1499 1108 1536 si
1148 1500 1352 1549 eruptione
1390 1502 1491 1539 facta

166 1573 378 1603 extremum
414 1564 599 1602 auxilium
635 1563 905 1613 experirentur.
968 1566 1107 1614 Itaque
1146 1565 1372 1604 convocatis
1406 1579 1493 1604 cen-
1515 1581 1531 1610 3

166 1628 383 1667 turionibus
423 1628 595 1666 celeriter
628 1627 768 1666 milites
807 1628 988 1666 certiores
1020 1629 1121 1676 facit,
1154 1630 1348 1679 paulisper
1378 1630 1491 1669 inter-

168 1693 363 1732 mitterent
392 1693 581 1743 proelium
619 1706 664 1730 ac
695 1694 970 1731 tantummodo
1011 1695 1086 1732 tela
1121 1694 1237 1732 missa
1268 1694 1490 1745 exciperent

167 1771 287 1807 seque
307 1771 353 1796 ex
373 1758 505 1795 labore
525 1758 736 1803 reficerent,
761 1765 860 1807 post,
883 1758 975 1795 dato
1000 1757 1120 1808 signo,
1145 1772 1190 1796 ex
1210 1759 1343 1797 castris
1368 1772 1491 1798 erum-

130 1841 146 1870 5
168 1829 303 1872 perent
323 1829 440 1871 atque
461 1835 620 1860 omnem
641 1835 751 1871 spem
773 1821 905 1859 salutis
927 1822 965 1859 in
987 1821 1125 1860 virtute
1146 1830 1347 1872 ponerent.

222 1887 343 1934 Quod
367 1885 459 1924 iussi
491 1893 580 1923 sunt
607 1885 764 1932 faciunt,
787 1899 831 1924 ac
861 1886 992 1924 subito
1022 1886 1205 1925 omnibus
1232 1887 1352 1937 portis
1382 1901 1490 1938 erup·
1511 1892 1539 1929 6

168 1951 273 1989 tione
302 1952 402 1988 facta
431 1964 560 2000 neque
586 1950 851 2000 cognoscendi
876 1951 972 2000 quid
997 1952 1104 1989 fieret
1133 1965 1262 2001 neque
1294 1952 1352 1989 sui
1387 1953 1491 1990 colli-

167 2015 284 2066 gendi
308 2015 486 2053 hostibus
516 2017 740 2053 facultatem
770 2015 1003 2065 relinquunt.
1066 2017 1125 2054 Ita
1152 2025 1393 2055 commutata
1420 2018 1491 2056 for·
1514 2033 1528 2054 2

168 2088 262 2118 tuna
293 2093 359 2118 eos
398 2080 464 2129 qui
504 2079 542 2117 in
587 2093 696 2129 spem
736 2080 1011 2130 potiendorum
1051 2088 1265 2119 castrorum
1304 2090 1491 2120 venerant

168 2144 342 2194 undique
371 2144 656 2182 circumventos
687 2144 933 2191 interficiunt,
956 2152 994 2183 et
1021 2159 1067 2183 ex
1095 2145 1301 2183 hominum
1331 2146 1490 2186 milibus

166 2209 331 2259 amplius
353 2221 453 2255 xxx,
476 2221 593 2258 quem
618 2222 824 2247 numerum
850 2210 1103 2247 barbarorum
1123 2210 1174 2248 ad
1194 2217 1319 2248 castra
1338 2210 1491 2250 venisse

167 2274 381 2320 constabat,
405 2275 491 2324 plus
518 2273 628 2311 tertia
652 2280 760 2322 parte
784 2273 987 2312 interfecta
1010 2273 1179 2323 reliquos
1203 2275 1424 2323 perterritos
1449 2276 1488 2314 in

166 2340 295 2388 fugam
316 2337 487 2376 coiciunt
503 2351 548 2375 ac
570 2350 619 2375 ne
640 2337 679 2374 in
701 2337 796 2376 locis
812 2337 973 2387 quidem
995 2337 1258 2387 superioribus
1277 2339 1491 2379 consistere

167 2403 373 2454 patiuntur.
453 2402 514 2441 Sic
555 2402 738 2441 omnibus
786 2402 956 2441 hostiurn
999 2402 1121 2453 copiis
1162 2403 1254 2442 fusis
1294 2404 1490 2454 armisque
1512 2419 1528 2448 3

1380 2495 1419 2527 4*
