1768 2739
431 146 504 181 DE
536 143 714 181 BELLO
744 142 988 180 GALLICO
1020 142 1121 178 LIB.
1157 142 1214 177 IV

160 261 210 301 et,
241 254 397 304 cognita
427 255 630 293 Gallorum
664 251 899 297 infirmitate,
936 258 1129 300 quantum
1164 250 1241 288 iam
1275 250 1380 299 apud
1415 262 1482 286 eos
1505 257 1522 286 3

162 320 293 357 hostes
320 332 400 357 uno
426 316 575 368 proelio
608 315 850 354 auctoritatis
877 323 1008 353 essent
1035 314 1239 353 consecuti
1264 313 1484 359 sentiebat;

161 384 304 434 quibus
324 385 374 422 ad
390 382 553 421 consilia
572 380 764 431 capienda
788 380 885 418 nihil
905 379 1005 430 spati
1025 380 1203 418 dandum
1224 378 1479 416 existimabat.

163 449 238 487 His
268 447 488 487 constitutis
518 447 633 486 rebus
664 454 701 484 et
728 445 893 484 consilio
923 458 1015 483 cum
1046 443 1180 494 legatis
1210 450 1249 481 et
1277 449 1483 492 quaestore
1503 454 1522 483 4

124 528 140 559 5
161 512 463 559 communicato,
483 525 532 550 ne
554 525 671 562 quem
700 510 806 549 diem
827 523 981 560 pugnae
1001 507 1326 559 praetermitteret
1345 520 1484 556 oppor-

161 577 363 616 tunissime
384 590 443 615 res
464 576 618 623 accidit,
642 576 751 625 quod
774 574 964 624 postridie
991 573 1074 612 eius
1102 572 1180 612 diei
1204 585 1321 610 mane
1344 572 1483 610 eadem

160 650 197 680 et
224 641 386 692 perfidia
410 649 448 680 et
473 640 722 679 simulatione
746 639 806 678 usi
828 638 1015 678 Germani
1039 640 1275 688 frequentes,
1299 636 1484 675 omnibus

160 705 400 756 principibus
430 704 723 754 maioribusque
750 711 843 741 natu
869 702 1067 749 adhibitis,
1096 703 1147 741 ad
1174 715 1265 740 eum
1293 700 1333 739 in
1360 708 1485 739 castra

162 779 361 818 venerunt,
399 770 526 817 simul,
568 777 609 808 ut
641 769 856 814 dicebatur,
890 767 948 806 sui
984 766 1176 817 purgandi
1210 780 1339 813 causa,
1375 766 1484 816 quod
1505 773 1521 803 5

107 851 145 873 10
163 843 298 874 contra
323 843 441 886 atque
465 843 567 874 esset
590 834 740 874 dictum
765 841 803 872 et
827 832 901 883 ipsi
923 832 1124 882 petissent,
1147 831 1340 882 proelium
1361 830 1485 880 pridie

163 900 463 948 commisissent,
493 900 608 938 simul
630 906 682 946 ut,
701 898 732 937 si
752 898 848 948 quid
865 904 1038 947 possent,
1057 898 1107 935 de
1128 895 1290 934 indutiis
1311 895 1485 933 fallendo

161 963 421 1014 impetrarent.
469 965 581 1013 Quos
602 962 677 1002 sibi
698 964 842 1002 Caesar
862 962 1016 1000 oblatos
1037 960 1203 1011 gavisus,
1221 959 1308 1000 illos
1329 958 1484 998 retineri
1504 961 1523 992 6

161 1027 281 1075 iussit,
313 1028 396 1078 ipse
416 1028 545 1067 omnis
566 1027 700 1077 copias
721 1026 854 1065 castris
882 1025 1015 1064 eduxit
1043 1025 1352 1075 equitatumque,
1376 1025 1485 1073 quod

162 1092 307 1130 recenti
334 1092 483 1142 proelio
507 1091 751 1142 perterritum
783 1104 866 1129 esse
897 1089 1153 1136 existimabat,
1183 1102 1324 1138 agmen
1355 1089 1485 1126 subse-

105 1170 142 1203 15
163 1157 229 1206 qui
259 1157 379 1195 iussit.

214 1222 311 1260 Acie
352 1222 492 1272 triplici
531 1222 707 1261 instituta
746 1230 783 1259 et
822 1221 995 1259 celeriter
1031 1228 1121 1258 octo
1161 1219 1311 1257 milium
1347 1218 1483 1257 itinere
1504 1224 1547 1261 14

160 1288 352 1334 confecto,
392 1287 498 1337 prius
536 1289 586 1326 ad
627 1287 799 1325 hostium
840 1294 964 1324 castra
1003 1284 1178 1335 pervenit
1223 1297 1340 1334 quarn
1387 1283 1483 1333 quid

159 1359 334 1401 ageretur
372 1352 559 1390 Germani
599 1351 740 1390 sentire
780 1358 950 1400 possent.
1025 1349 1105 1398 Qui
1143 1348 1328 1387 omnibus
1368 1348 1483 1386 rebus
1507 1362 1521 1383 2

160 1415 291 1454 subito
319 1416 520 1466 perterriti,
553 1424 590 1454 et
624 1415 820 1454 celeritate
854 1416 1046 1454 adventus
1081 1413 1202 1452 nostri
1237 1420 1275 1451 et
1308 1412 1484 1451 discessu

104 1495 142 1516 20
161 1494 332 1527 suorum,
354 1494 484 1530 neque
504 1480 643 1519 consili
669 1480 843 1518 habendi
869 1493 998 1530 neque
1027 1492 1134 1516 arma
1155 1477 1336 1527 capiendi
1358 1477 1484 1535 spatio

159 1545 253 1582 dato
286 1546 572 1594 perturbantur,
613 1544 799 1594 copiasne
837 1546 1022 1583 adversus
1056 1545 1210 1581 hostem
1246 1543 1401 1588 ducere,
1434 1556 1483 1579 an

159 1617 282 1647 castra
298 1611 520 1656 defendere,
535 1624 585 1648 an
602 1611 692 1659 fuga
708 1611 873 1648 salutem
894 1617 1026 1659 petere
1046 1614 1268 1658 praestaret.
1303 1608 1483 1655 Quorum
1506 1616 1523 1646 3

159 1674 275 1712 timor
300 1688 390 1712 cum
417 1674 572 1713 fremitu
597 1682 634 1712 et
660 1688 853 1712 concursu
878 1673 1170 1723 significaretur,
1193 1672 1335 1710 milites
1363 1671 1484 1709 nostri

158 1737 309 1787 pristini
330 1738 407 1777 diei
427 1738 591 1788 perfidia
611 1738 759 1777 incitati
780 1738 819 1776 in
842 1746 966 1776 castra
986 1738 1216 1787 irruperunt.
1278 1738 1370 1784 Quo
1395 1737 1483 1774 loco
1503 1743 1521 1774 4

102 1819 138 1851 25
159 1802 225 1852 qui
258 1803 432 1842 celeriter
462 1817 569 1841 arma
595 1817 734 1853 capere
755 1810 967 1853 potuerunt
988 1801 1185 1852 paulisper
1210 1800 1351 1839 nostris
1378 1799 1484 1838 resti-

159 1875 287 1905 terunt
315 1876 433 1917 atque
463 1867 563 1906 inter
594 1882 723 1907 earres
760 1867 1126 1917 impedimentaque
1156 1865 1348 1916 proelium
1380 1878 1484 1903 com-

159 1933 372 1973 miserunt:
415 1941 454 1971 at
496 1933 644 1984 reliqua
687 1932 898 1972 multitudo
940 1946 1151 1982 puerorum
1195 1930 1482 1979 mulierumque
1504 1944 1521 1975 5

159 1998 266 2045 (nam
307 2012 396 2036 cum
435 1998 619 2036 omnibus
659 1998 738 2037 suis
777 2000 898 2037 domo
938 2004 1183 2036 excesserant
1215 1997 1482 2044 Rhenumque

157 2063 403 2114 transierant)
439 2063 583 2113 passim
617 2065 749 2113 fugere
783 2062 937 2113 coepit3
974 2064 1025 2101 ad
1059 2075 1158 2112 quos
1193 2060 1481 2099 consectandos

99 2143 139 2172 30
158 2128 302 2166 Caesar
331 2126 547 2176 equitatum
577 2126 691 2165 misit.
740 2155 749 2168 v

211 2190 408 2238 Germani,
430 2199 519 2241 post
543 2199 693 2241 tergum
718 2193 888 2230 clamore
912 2190 1058 2237 audito,
1083 2203 1172 2228 cum
1198 2202 1289 2227 suos
1314 2187 1480 2226 interfici
1501 2195 1544 2231 15

156 2256 342 2303 viderent,
374 2256 490 2295 armis
519 2256 680 2296 abiectis
713 2256 910 2307 signisque
941 2255 1171 2294 militaribus
1203 2253 1345 2292 relictis
1366 2267 1407 2292 se
1434 2268 1480 2291 ex

156 2320 289 2359 castris
316 2321 538 2368 eiecerunt3
567 2328 605 2359 et
629 2335 717 2359 cum
748 2322 798 2360 ad
829 2322 1094 2360 confluentem
1118 2321 1258 2358 Mosae
1285 2325 1322 2357 et
1348 2317 1479 2356 Rheni
1503 2331 1516 2351 2

319 2425 383 2462 5-6
407 2423 691 2463 opportunissima
708 2425 730 2458 β
867 2432 903 2453 12
928 2422 1064 2462 gavisus
1080 2423 1102 2456 β
1118 2433 1122 2451 ;
1149 2422 1283 2461 gravius
1300 2433 1319 2451 α
