1768 2739
675 156 719 195 C.
755 158 869 194 IVLI
901 157 1169 196 CAESARIs

222 277 240 303 s
260 267 311 304 ad
346 266 518 317 legiones
551 267 750 317 pervenire
781 267 913 318 possit.
974 270 1177 306 Postremo
1212 267 1250 304 in
1280 266 1364 305 acie
1393 275 1587 318 praestare

260 330 423 369 interfici
468 346 586 381 quam
625 345 705 370 non
728 336 915 371 *veterem
959 331 1049 370 belli
1089 330 1249 381 gloriam
1289 331 1587 382 libertatemque

260 410 379 446 quarn
399 410 423 435 a
442 396 654 435 maioribus
673 397 895 447 acceperint
915 396 1137 447 reciperare.

214 475 239 501 2
316 460 392 499 His
422 462 537 500 rebus
565 461 727 512 agitatis,
760 459 990 512 profitentur
1019 463 1210 500 Carnutes
1242 475 1283 501 se
1312 463 1462 500 nullum
1493 461 1587 513 peri-

260 528 392 564 culum
427 526 648 565 communis
687 526 819 564 salutis
858 540 974 565 causa
1012 540 1199 574 recusare,
1233 526 1509 577 principesque
1542 539 1625 570 ex5

224 609 237 629 2
261 591 445 629 omnibus
472 591 619 629 bellum
646 592 815 629 facturos
845 590 1104 641 pollicentur3
1142 598 1190 638 et,
1213 590 1400 641 quoniam
1422 590 1460 629 in
1482 604 1589 641 prae-

260 655 385 693 sentia
405 654 609 693 obsidibus
630 668 766 693 cavere
786 654 885 693 inter
911 668 952 693 se
972 668 1052 694 non
1077 655 1227 706 possint
1247 669 1297 694 ne
1317 669 1376 694 res
1397 657 1584 702 efferatur,

260 727 303 758 ut
323 719 405 758 iure
425 720 590 758 iurando
616 733 662 758 ac
689 720 767 758 fide
794 719 989 758 sanciatur
1015 727 1153 769 petunt
1180 719 1330 758 collatis
1358 719 1587 757 militaribus

260 784 390 835 signis,
422 798 502 835 quo
532 797 639 822 more
669 797 803 822 eorum
833 783 1058 834 gravissima
1087 783 1324 822 caerimonia
1352 783 1584 829 continetur,

221 860 238 889 3
260 863 309 888 ne
340 850 443 887 facto
472 848 583 887 initio
612 848 704 887 belli
733 849 785 887 ab
815 848 972 898 reliquis
1002 849 1239 886 deserantur.
1299 849 1413 893 Tum,
1446 848 1588 885 collau-
1610 860 1648 882 10

258 914 359 952 datis
382 913 632 960 Carnutibus,
656 914 750 952 dato
771 913 853 952 iure
874 913 1039 951 iurando
1058 913 1108 951 ab
1130 911 1314 951 omnibus
1331 911 1397 962 qui
1412 912 1585 958 aderant,

258 986 434 1029 tempore
455 978 537 1017 eius
559 978 612 1016 rei
635 978 849 1016 constituto
870 978 920 1016 ab
941 977 1110 1016 concilio
1131 976 1356 1015 disceditur.

214 1050 238 1086 3
316 1044 399 1085 Ubi
437 1058 483 1083 ea
511 1043 595 1083 dies
624 1043 740 1090 venit,
785 1044 988 1089 Carnutes,
1032 1044 1204 1082 Cotuato
1242 1050 1281 1081 et
1313 1042 1590 1080 Conconneto-

256 1108 408 1145 dumno
428 1105 607 1153 ducibus,
631 1105 846 1156 desperatis
875 1104 1112 1151 hominibus,
1136 1105 1343 1143 Cenabum
1364 1105 1475 1156 signo
1495 1107 1590 1144 dato

256 1178 493 1209 concurrunt
536 1170 710 1220 civisque
756 1172 959 1208 Romanos
1000 1169 1067 1219 qui
1111 1169 1335 1220 negotiandi
1378 1183 1495 1208 causa
1535 1170 1588 1208 ibi
1612 1182 1648 1213 15

256 1235 520 1282 constiterant,
554 1234 592 1273 in
626 1235 685 1273 his
725 1236 769 1274 C.
807 1236 961 1273 Fufium
995 1234 1137 1281 Citam,
1171 1235 1381 1273 honestum
1415 1234 1588 1285 equitem

258 1302 495 1346 Romanum,
533 1299 598 1349 qui
639 1299 692 1338 rei
732 1298 1005 1338 frumentariae
1046 1298 1151 1338 iussu
1186 1299 1363 1338 Caesaris
1403 1307 1587 1350 praeerat,

221 1382 236 1402 2
257 1365 494 1403 interficiunt
523 1365 707 1414 bonaque
742 1378 877 1402 eorum
909 1363 1105 1414 diripiunt.
1166 1364 1352 1402 Celeriter
1380 1365 1431 1403 ad
1460 1365 1589 1403 omnis

257 1429 407 1467 Galliae
428 1428 601 1467 civitates
629 1430 732 1466 fama
759 1430 956 1478 perfertur.
1018 1429 1132 1473 Nam,
1155 1428 1302 1478 ubique
1330 1428 1452 1466 maior
1471 1436 1589 1479 atque

255 1492 451 1532 inlustrior
477 1493 613 1531 incidit
640 1507 709 1539 res,
738 1495 907 1531 clamore
935 1506 1003 1543 per
1030 1506 1142 1543 agros
1169 1493 1425 1543 regionesque
1449 1493 1590 1544 signifi·
1611 1506 1650 1528 20

255 1564 373 1605 cant,
410 1559 512 1595 hanc
541 1556 604 1595 alii
635 1557 822 1607 deinceps
851 1557 1049 1607 excipiunt
1079 1564 1116 1595 et
1144 1557 1327 1608 proximis
1353 1558 1520 1604 tradunt,
1547 1566 1589 1596 ut

219 1634 237 1664 3
256 1630 337 1660 tum
368 1621 520 1660 accidit.
583 1623 685 1659 Nam
718 1635 818 1671 quae
850 1620 1001 1660 Cenabi
1031 1621 1180 1660 oriente
1214 1623 1296 1660 sole
1324 1628 1432 1672 gesta
1461 1629 1590 1660 essent

255 1693 346 1725 ante
376 1686 540 1736 primam
571 1687 791 1724 confectam
813 1685 981 1736 vigiliam
1007 1686 1046 1724 in
1073 1686 1217 1725 finibus
1238 1689 1502 1725 Arvernorum
1526 1700 1590 1725 au-

257 1750 338 1789 dita
367 1757 467 1797 sunt,
501 1751 609 1800 quod
640 1750 809 1801 spatium
839 1757 897 1789 est
927 1750 1077 1790 milium
1107 1764 1294 1801 passuum
1324 1751 1474 1790 circiter
1502 1765 1590 1791 cen-

258 1822 341 1854 tum
363 1816 445 1852 LX.
1610 1827 1646 1859 ²5

211 1890 238 1927 4
313 1879 436 1918 Simili
467 1879 616 1919 ratione
647 1880 699 1919 ibi
727 1880 1030 1932 Vercingetorix,
1061 1880 1205 1920 Celtilli
1233 1881 1345 1928 filius,
1378 1883 1585 1927 Arvernus,

258 1957 434 1982 summae
459 1944 658 1994 potentiae
679 1946 922 1993 adulescens,
946 1945 1056 1984 cuius
1084 1952 1192 1995 pater
1218 1945 1479 1996 principatum
1501 1947 1589 1983 Gal-

256 2008 330 2046 liae
368 2008 486 2046 totius
526 2009 748 2048 obtinuerat
786 2017 824 2048 et
862 2011 915 2048 ob
953 2024 1040 2049 eam
1074 2023 1242 2057 causam,
1279 2011 1388 2060 quod
1427 2023 1587 2060 regnum

256 2073 478 2122 appetebat,
500 2075 551 2112 ab
579 2074 734 2114 civitate
762 2082 841 2114 erat
869 2074 1104 2121 interfectus,
1128 2074 1354 2113 convocatis
1374 2074 1452 2112 suis
1473 2074 1587 2113 clien-

224 2136 361 2176 :tibus
391 2138 502 2177 facile
535 2139 719 2179 incendit.
779 2139 950 2190 Cognito
981 2139 1063 2178 eius
1092 2139 1257 2178 consilio
1285 2140 1336 2177 ad
1364 2152 1473 2177 arma
1497 2152 1587 2177 con·
1607 2149 1646 2179 30

305 2253 317 2271 1
346 2243 452 2282 possit
469 2246 511 2278 B:
538 2247 652 2283 posset
667 2255 687 2274 α
842 2252 862 2282 3
886 2243 1080 2283 acceperint
1096 2244 1141 2278 βε
1173 2247 1378 2281 acceperant
1394 2253 1414 2270 α
1569 2250 1585 2278 7

263 2291 395 2327 possint
415 2292 458 2323 B:
484 2294 625 2328 possent
644 2301 663 2318 α
815 2299 836 2327 9
859 2300 925 2327 quo
945 2290 987 2323 B:
1012 2289 1101 2327 quod
1121 2300 1141 2317 α
1297 2298 1335 2327 13
1359 2288 1503 2318 Cotuato
1527 2284 1585 2316 X:

264 2332 430 2363 Gutruato
455 2332 523 2363 cdd.
697 2342 734 2370 14
760 2332 933 2363 Cenabum
960 2332 1081 2363 Gliick:
1115 2332 1281 2362 Genabim
1305 2342 1346 2362 a:
1382 2330 1535 2362 Genabin
1561 2331 1585 2362 Β

267 2376 304 2405 18
328 2386 446 2406 omnes
462 2375 499 2406 X
631 2386 669 2415 19
693 2376 817 2414 ubique
836 2376 910 2406 nU:
937 2375 992 2406 ubi
1016 2375 1061 2406 T:
1088 2375 1143 2406 ubi
1159 2386 1244 2414 quae
1262 2373 1438 2405 Schneider
1543 2381 1580 2402 21

264 2419 351 2449 hanc
369 2431 388 2448 α
405 2430 411 2450 ;
438 2419 516 2449 hinc
534 2420 556 2453 β
573 2428 580 2448 :
604 2418 694 2449 hunc
713 2419 797 2450 codd.
815 2418 991 2457 deteriores,
1009 2417 1043 2448 D
1175 2429 1215 2448 22
1239 2417 1370 2449 Genabi
1383 2415 1421 2445 X
