1706 2729
591 131 635 169 C.
670 130 785 167 IVLI
817 130 1085 168 CAESARIS

112 251 154 287 51
230 241 419 280 Postridie
436 241 518 280 eius
534 240 611 280 diei
629 243 771 281 Caesar
791 240 1025 291 praesidium
1047 240 1219 290 utrisque
1239 241 1371 280 castris
1392 244 1499 293 quod

174 305 264 344 satis
285 320 370 345 esse
385 306 510 344 visum
527 313 584 344 est
607 305 761 356 reliquit
778 321 787 353 3
814 305 941 343 omnis
961 305 1098 344 alarios
1120 305 1157 342 in
1180 314 1393 356 conspectu
1414 308 1499 346 hos-

175 370 271 408 tium
292 384 362 421 pro
378 370 510 409 castris
524 370 739 409 minoribus
756 369 966 416 constituit,
982 371 1090 419 quod
1106 369 1233 408 minus
1251 370 1499 410 multitudine

175 435 341 473 rnilitum
371 435 670 485 legionariorum
699 448 769 485 pro
798 434 969 473 hostium
1001 448 1162 473 numero
1184 435 1347 481 valebat,
1379 443 1421 473 ut
1449 437 1499 474 ad

175 500 345 550 speciem
375 500 500 538 alariis
539 507 734 546 uteretur,-
771 500 853 549 ipse
884 498 1022 549 triplici
1052 499 1235 537 instructa
1264 500 1347 538 acie
1377 513 1500 550 usque

139 581 154 603 2
174 565 224 603 ad
254 571 377 603 castra
406 564 577 602 hostium
606 563 778 602 accessit.
838 565 941 601 Tum
972 564 1131 601 demum
1162 564 1379 602 necessario
1410 566 1500 603 Ger-

175 628 280 667 mani
301 642 388 667 suas
415 629 546 679 copias
573 629 706 667 castris
733 629 950 667 eduxerunt
978 627 1269 678 generatimque
1293 629 1500 668 constitue-

116 735 121 739 ,
175 700 263 731 runt
296 693 453 742 paribus
491 693 711 739 intervallis,
747 693 942 739 Harudes,
976 694 1265 739 Marcomanos,
1298 693 1498 740 Triboces‚

174 757 410 808 Vangiones,
447 759 645 805 Nemetes,
678 757 874 804 Sedusios,
908 757 1070 803 Suebos,
1107 771 1346 808 omnemque
1375 758 1499 797 aciem

174 835 283 860 suam
314 821 439 861 raedis
469 830 507 861 et
536 822 650 861 carris
680 822 1032 868 circumdederunt,
1055 835 1104 860 ne
1131 835 1208 871 qua
1235 835 1322 872 spes
1349 822 1388 862 in
1413 824 1501 873 fuga

138 903 156 933 5
175 886 463 936 relinqueretur.
525 889 585 925 Eo
615 886 794 925 mulieres
821 886 1100 936 imposuerunt,
1123 900 1224 935 quae
1250 886 1290 924 in
1310 887 1500 937 proelium

174 950 456 1000 proficiscentis
485 951 606 1001 passis
637 950 818 989 manibus
847 952 984 989 flentes
1018 950 1279 1000 implorabant
1312 965 1363 989 ne
1392 965 1432 989 se
1461 951 1501 989 in

175 1015 398 1054 servitutem
422 1015 612 1054 Romanis
633 1017 837 1054 traderent.

105 1092 157 1131 52
230 1080 373 1118 Caesar
393 1079 552 1129 singulis
577 1079 795 1129 legionibus
820 1079 992 1129 singulos
1015 1080 1163 1129 legatos
1189 1087 1227 1118 et
1253 1087 1500 1129 quaestorem

140 1161 153 1180 ι
175 1144 369 1193 praefecit,
396 1144 451 1182 uti
478 1158 545 1182 eos
573 1144 679 1182 testis
709 1157 800 1182 suae
828 1143 993 1194 quisque
1020 1143 1168 1182 virtutis
1198 1144 1385 1193 haberet,
1419 1145 1501 1195 ipse

173 1222 195 1246 a
216 1209 352 1247 dextro
378 1222 511 1255 cornu,
534 1210 641 1259 quod
672 1222 757 1247 eam
783 1216 931 1258 partem
960 1208 1121 1247 minime
1148 1209 1298 1247 firmam
1328 1209 1499 1248 hostium

139 1288 156 1317 3
175 1286 258 1311 esse
287 1273 622 1320 animadverterat,
645 1273 835 1323 proelium
865 1272 1070 1311 commisit.
1131 1274 1191 1311 Ita
1217 1273 1337 1311 nostri
1364 1273 1500 1312 acriter

177 1337 216 1375 in
233 1336 355 1376 hostis
370 1337 481 1387 signo
502 1338 594 1376 dato
616 1337 805 1387 impetum
827 1339 1012 1383 fecerunt,
1036 1337 1167 1386 itaque
1188 1337 1320 1375 hostes
1341 1344 1501 1386 repente

177 1400 430 1450 celeriterque
446 1408 730 1450 procurrerunt,
755 1408 796 1438 ut
818 1400 986 1451 spatium
1008 1400 1086 1450 pila
1105 1400 1144 1438 in
1166 1400 1289 1439 hostis
1305 1399 1500 1439 coiciendi

139 1484 157 1513 4
178 1480 257 1504 non
279 1467 442 1504 daretur.
504 1464 674 1503 Reiectis
695 1464 782 1513 pilis
803 1463 1023 1502 comminus
1043 1462 1179 1512 gladiis
1201 1471 1416 1513 pugnatum
1432 1472 1499 1502 est.

178 1532 231 1568 At
263 1529 448 1568 Germani
480 1528 653 1567 celeriter
684 1542 729 1566 ex
763 1527 1048 1566 consuetudine
1080 1540 1148 1564 sua
1179 1528 1371 1577 phalange
1402 1529 1503 1566 facta

140 1611 157 1641 5
178 1593 346 1643 impetus
384 1592 601 1642 gladiorum
641 1599 885 1641 exceperunt.
957 1590 1117 1640 Reperti
1156 1598 1245 1628 sunt
1283 1593 1503 1641 complures

178 1657 298 1697 nostri
330 1657 470 1696 milites
499 1656 565 1707 qui
595 1656 634 1694 in
660 1658 871 1706 phalangas
895 1653 1083 1693 insilirent
1114 1663 1152 1693 et
1185 1662 1295 1694 scuta
1323 1656 1503 1694 manibus

141 1730 160 1761 6
179 1723 405 1760 revellerent
439 1729 476 1760 et
505 1722 672 1771 desuper
702 1722 957 1759 vulnerarent.
1017 1720 1120 1758 Cum
1149 1719 1321 1757 hostium
1349 1719 1452 1757 acies
1480 1733 1503 1757 a

179 1786 333 1824 sinistro
353 1799 474 1824 cornu
494 1787 605 1834 pulsa
625 1792 742 1834 atque
768 1784 808 1822 in
834 1786 965 1833 fugam
985 1796 1171 1821 conversa
1191 1790 1303 1830 esset,
1325 1797 1348 1821 a
1367 1785 1502 1821 dextro

179 1864 300 1889 cornu
326 1850 578 1888 vehementer
606 1848 857 1887 multitudine
886 1861 1044 1886 suorum
1068 1854 1240 1886 nostram
1269 1847 1393 1886 aciem
1422 1861 1503 1897 pre-

144 1915 348 1956 7mebant.
421 1915 469 1952 Id
498 1927 588 1951 cum
622 1912 959 1951 animadvertisset
990 1914 1029 1949 P.
1064 1912 1226 1951 Crassus
1258 1912 1500 1957 adulescens,

179 1978 245 2028 qui
273 1978 461 2028 equitatui
490 1985 675 2028 praeerat,
706 1978 815 2027 quod
853 1975 1069 2027 expeditior
1107 1983 1187 2013 erat
1216 1989 1333 2025 quam
1363 1975 1398 2013 ei
1436 1975 1503 2025 qui

179 2042 277 2081 inter
305 2042 430 2081 aciem
454 2042 715 2088 versabantur,
738 2040 890 2080 tertiam
919 2040 1043 2079 aciem
1072 2039 1339 2079 laborantibus
1363 2039 1503 2079 nostris

179 2106 354 2145 subsidio
383 2106 496 2144 misit.

110 2180 161 2217 53
235 2173 295 2209 Ita
329 2170 519 2221 proelium
554 2169 774 2208 restitutum
808 2177 875 2215 est,
912 2177 1029 2219 atque
1062 2182 1200 2208 omnes
1234 2170 1366 2207 hostes
1400 2176 1503 2218 terga

180 2242 374 2273 verterunt
401 2248 529 2285 neque
559 2234 663 2285 prius
693 2236 823 2285 fugere
860 2233 1092 2273 destiterunt
1130 2247 1248 2284 quam
1277 2234 1328 2272 ad
1356 2233 1502 2271 flumen

236 2352 249 2372 1
270 2341 472 2381 praesidium
483 2353 516 2373 a:
534 2341 703 2381 praesidio
715 2341 772 2376 βΒ
782 2351 858 2371 corr.
948 2350 968 2378 3
985 2338 1073 2378 quod
1090 2337 1135 2376 D,
1149 2334 1336 2367 Manutius:
1355 2343 1420 2373 quo
1431 2330 1469 2362 X

1523 835 1561 858 10

1523 1159 1559 1191 15

1525 1480 1563 1501 20

1523 2122 1563 2151 30
