1768 2739
779 149 824 185 A.
861 149 1025 184 I-HRTI

242 264 416 304 verteret,
458 257 488 295 si
527 258 593 295 tali
633 257 781 296 ratione
821 257 982 297 diversis
1022 257 1060 295 in
1100 257 1196 296 locis
1234 259 1363 308 plures
1408 258 1571 297 consilia

242 322 416 369 inissent,
440 324 621 372 exemplo
646 322 812 372 supplici
842 323 1097 361 deterrendos
1125 322 1295 373 reliquos
1325 322 1567 361 existimavit.

205 408 219 428 2
244 389 383 437 Itaque
404 388 588 426 omnibus
609 387 676 437 qui
696 401 804 425 arma
825 389 991 426 tulerant
1008 401 1146 426 manus
1168 386 1357 437 praecidit
1372 387 1571 438 vitamque

204 471 221 501 ς,
241 451 446 499 concessit,
469 465 548 502 quo
569 452 744 491 testatior
765 460 866 491 esset
887 466 1016 502 poena
1036 452 1315 503 improborum.
1378 454 1568 503 Drappes,

241 530 359 566 quem
395 525 553 567 captum
588 532 673 556 esse
706 532 729 556 a
769 517 938 557 Caninio
977 517 1107 565 docui,
1144 517 1223 556 sive
1262 517 1494 568 indignitate
1533 524 1571 556 et

240 582 377 620 dolore
426 582 671 621 vinculorum
712 583 792 621 sive
832 583 971 621 timore
1009 582 1191 633 gravioris
1231 581 1398 632 supplici
1436 582 1570 633 paucis

200 666 220 695 4
240 646 380 685 diebus
401 647 492 685 cibo
513 661 553 686 se
573 648 761 686 abstinuit
782 655 900 698 atque
922 647 975 686 ita
1001 647 1154 686 interiit.
1216 648 1371 685 Eodem
1392 654 1570 698 tempore

1591 530 1607 562 5

241 711 457 759 Lucterius,
481 726 599 762 quem
620 713 837 763 profugisse
872 727 917 751 ex
942 712 1090 763 proelio
1117 712 1262 762 scripsi,
1287 725 1377 750 cum
1398 712 1438 751 in
1465 722 1571 763 pote·
1623 756 1626 759 Α

201 790 217 820 5
240 783 380 814 statem
411 776 580 816 venisset
608 777 820 828 Epasnacti
848 777 1206 816 Arverni—crebro
1236 777 1341 815 enim
1371 778 1570 817 mutandis

239 841 334 879 locis
357 843 569 880 multorum
590 842 683 882 fidei
703 856 745 881 se
766 842 1051 889 committebat,
1076 843 1185 892 quod
1206 855 1401 891 nusquam
1423 842 1568 881 diutius

239 906 323 944 sine
355 906 528 957 periculo
563 915 875 946 commoraturus
908 907 1124 954 videbatur,
1159 920 1249 945 cum
1285 906 1358 945 sibi
1387 907 1569 946 conscius

201 979 341 1012 6esset
389 985 508 1021 quarn
556 971 759 1010 inimicum
808 973 970 1010 deberet
1011 973 1221 1012 Caesarem
1262 972 1569 1011 habere—hunc

241 1038 485 1085 Epasnactus
524 1038 733 1083 Arvernus,
773 1036 1033 1075 amicissimus
1073 1038 1221 1087 populo
1256 1038 1452 1084 Romano,
1486 1036 1569 1076 sine

238 1101 486 1140 dubitatione
506 1103 585 1140 ulla
605 1102 780 1141 vinctum
801 1105 851 1142 ad
874 1105 1083 1143 Caesarem
1106 1102 1278 1141 deduxit.

165 1177 217 1215 45
292 1166 491 1204 Labienus
530 1166 684 1205 interim
724 1168 763 1206 in
803 1168 980 1207 Treveris
1020 1175 1200 1218 equestre
1240 1167 1431 1218 proelium
1477 1167 1568 1206 facit

238 1232 457 1269 secundum
478 1231 826 1283 compluribusque
848 1233 1026 1272 Treveris
1055 1232 1266 1271 interfectis
1288 1240 1326 1271 et
1348 1232 1566 1280 Germanis,

238 1294 304 1344 qui
339 1295 454 1334 nullis
481 1297 667 1335 adversus
701 1299 905 1336 Romanos
926 1297 1068 1336 auxilia
1089 1298 1349 1348 denegabant,
1373 1297 1569 1348 principes

200 1376 214 1396 2
238 1374 373 1398 eorum
394 1360 502 1399 vivos
523 1361 661 1412 redigit
693 1362 732 1400 in
755 1376 865 1401 suam
888 1370 1123 1413 potestatem
1146 1371 1265 1413 atque
1285 1363 1325 1401 in
1346 1363 1405 1401 his
1427 1364 1568 1401 Surum

237 1426 434 1472 Aeduum,
468 1425 535 1475 qui
569 1434 607 1464 et
645 1426 794 1465 virtutis
827 1435 863 1466 et
895 1427 1046 1477 generis
1086 1441 1282 1466 summam
1321 1427 1567 1466 nobilitatem

237 1491 409 1529 habebat
430 1491 615 1541 solusque
643 1506 689 1530 ex
716 1492 866 1531 Aeduis
898 1494 949 1532 ad
981 1492 1021 1532 id
1053 1500 1208 1544 tempus
1233 1501 1499 1544 permanserat
1528 1492 1567 1531 in

237 1556 362 1594 armis.

161 1621 218 1666 46
293 1622 350 1658 Ea
383 1635 423 1659 re
451 1622 606 1672 cognita
636 1624 780 1662 Caesar
812 1638 901 1663 cum
932 1625 971 1663 in
1001 1625 1186 1665 omnibus
1213 1626 1387 1676 partibus
1420 1624 1570 1664 Galliae

238 1686 338 1723 bene
377 1700 436 1724 res
474 1687 553 1737 geri
592 1687 740 1727 videret
785 1689 1054 1741 iudicaretque
1102 1691 1366 1742 superioribus
1413 1690 1568 1729 aestivis

236 1750 404 1788 Galliam
427 1751 621 1790 devictam
643 1754 928 1805 subactamque
950 1770 1046 1803 esse,
1070 1756 1324 1806 Aquitaniam
1349 1769 1567 1806 numquam

234 1814 317 1864 ipse
359 1816 505 1855 adisset
549 1819 618 1856 sed
654 1832 721 1868 per
763 1821 802 1857 P.
840 1821 1026 1859 Crassum
1062 1823 1234 1871 quadam
1273 1835 1319 1859 ex
1357 1828 1466 1871 parte
1503 1821 1568 1859 de-

233 1880 399 1927 vicisset,
426 1895 517 1919 cum
545 1883 698 1921 duabus
728 1884 949 1934 legionibus
977 1885 1016 1923 in
1044 1900 1131 1924 eam
1159 1894 1309 1936 partem
1332 1885 1482 1925 Galliae
1509 1893 1567 1924 est

234 1946 441 1994 profectus,
466 1954 507 1984 ut
528 1946 582 1985 ibi
607 1956 824 1987 extremum
853 1957 1009 2000 tempus
1040 1958 1289 1989 consumeret
1317 1950 1564 1989 aestivorum.

197 2031 210 2050 2
235 2012 366 2059 Quam
405 2025 497 2058 rem,
540 2012 654 2052 sicuti
695 2022 833 2061 cetera,
875 2015 1050 2053 celeriter
1094 2016 1334 2066 feliciterque
1384 2015 1563 2054 confecit.

234 2076 418 2125 Namque
450 2089 589 2116 omnes
620 2078 857 2128 Aquitaniae
889 2079 1063 2118 civitates
1096 2082 1243 2130 legatos
1274 2082 1325 2119 ad
1357 2082 1566 2120 Caesarem

196 2155 213 2185 3
234 2138 422 2178 miserunt
443 2142 683 2192 obsidesque
704 2142 739 2181 ei
760 2144 964 2182 dederunt.
1026 2145 1182 2193 Quibus
1210 2146 1324 2184 rebus
1344 2145 1462 2195 gestis
1482 2144 1565 2195 ipse
1587 2176 1604 2185 .,

233 2204 410 2254 equiturn
440 2207 636 2256 praesidio
667 2209 898 2247 Narbonem
930 2211 1128 2259 profectus
1163 2217 1232 2257 est,
1255 2209 1466 2249 exercitum
1498 2223 1566 2260 per

280 2319 292 2338 1
322 2310 461 2340 consilia
478 2311 624 2342 inissent
641 2323 660 2341 α
675 2322 680 2341 ;
708 2311 873 2343 rebellare
891 2313 1085 2352 coepissent
1101 2315 1124 2348 β
1264 2323 1302 2351 19
1326 2312 1458 2344 virtutis
1475 2312 1564 2347 Α’βε

233 2352 393 2383 virtutem
413 2352 453 2382 δ’
586 2364 628 2393 25
654 2355 725 2394 ipse
751 2356 878 2386 adisset
901 2357 961 2386 sed
978 2356 1068 2391 1173:
1104 2357 1232 2387 adisset
1249 2355 1292 2386 B'
1424 2367 1462 2395 31
1490 2366 1565 2387 cum

234 2395 402 2434 praesidio
421 2397 569 2435 equitum
588 2400 610 2432 β

1592 859 1631 881 10

1590 1183 1626 1215 ¹5

1590 1508 1630 1530 20

1590 1831 1626 1862 25
