1768 2739
422 156 496 193 DE
527 154 706 193 BELLO
736 155 981 194 GALLICO
1011 157 1113 194 LIB.
1144 158 1182 193 V

139 266 334 313 acciderit,
370 266 439 304 abs
469 273 506 304 te
535 265 724 304 rationem
754 273 961 316 reposcent
988 267 1067 316 qui,
1108 267 1139 305 si
1168 281 1236 318 per
1264 275 1303 306 te
1332 268 1457 314 liceat,
1483 282 1500 312 3

139 330 356 381 perendino
377 330 441 370 die
461 344 550 369 cum
571 329 755 380 proximis
782 330 954 370 hibernis
979 331 1179 370 coniuncti
1204 346 1457 371 communem

139 388 229 433 cum
254 394 410 445 reliquis
439 394 529 433 belli
555 408 689 433 casum
719 395 945 443 sustineant,
970 409 1050 434 non
1080 396 1210 435 reiecti
1236 405 1273 435 et
1303 398 1459 447 relegati

139 462 254 510 longe
274 461 324 499 ab
345 459 481 499 ceteris
501 466 567 498 aut
588 461 687 499 ferro
707 468 774 499 aut
794 463 896 500 fame
916 461 1131 500 intereant.'

101 540 118 570 5
193 524 449 574 Consurgitur
482 538 528 562 ex
566 524 756 573 consilio;
798 527 1139 576 comprehendunt
1177 533 1387 576 utrumque
1421 534 1458 564 et
1483 535 1525 571 31

139 597 250 629 orant
280 603 329 628 ne
363 603 433 628 sua
470 590 716 630 dissensione
750 599 788 630 et
822 592 1035 642 pertinacia
1069 606 1149 630 rem
1185 592 1224 630 in
1259 606 1457 630 summum

138 654 353 704 periculum
383 656 606 694 deducant:
641 656 793 695 facilem
824 670 909 695 esse
939 670 1031 703 rem,
1063 670 1131 695 seu
1164 665 1357 704 maneant,
1391 671 1458 695 seu
1486 673 1499 693 2

138 719 442 769 proficiscantur,
465 719 496 758 si
526 722 647 759 modo
677 735 800 759 unum
830 735 968 760 omnes
998 721 1167 760 sentiant
1193 735 1239 760 ac
1266 723 1433 772 probent
1449 737 1459 769 3

138 791 274 822 contra
300 783 338 821 in
369 784 613 823 dissensione
643 787 789 824 nullam
820 799 861 824 se
891 787 1056 824 salutem
1088 785 1317 836 perspicere.
1379 788 1459 825 Res
1483 797 1500 826 3

82 863 120 885 10
139 848 403 898 disputatione
429 850 480 888 ad
504 850 675 889 mediam
705 858 862 889 noctem
890 850 1124 901 perducitur.
1184 853 1365 890 Tandem
1393 853 1459 890 dat

139 918 257 955 Cotta
277 924 476 966 permotus
498 930 636 955 manus
655 933 661 955 :
692 925 847 968 superat
868 917 1061 956 sententia
1081 917 1225 956 Sabini.
1286 920 1460 956 Pronun-
1482 930 1501 960 4

140 980 253 1018 tiatur
282 981 406 1030 prima
434 982 521 1019 luce
551 981 681 1020 ituros.
742 982 998 1022 Consumitur
1027 981 1164 1032 vigiliis
1195 982 1343 1032 reliqua
1372 996 1460 1031 pars

140 1045 276 1092 noctis,
299 1059 389 1084 cum
416 1059 485 1084 sua
510 1046 677 1096 quisque
707 1046 817 1085 miles
847 1046 1173 1096 circumspiceret,
1199 1046 1295 1097 quid
1326 1061 1458 1085 secum

139 1117 291 1159 portare
316 1117 457 1159 posset,
480 1110 577 1160 quid
603 1124 649 1149 ex
675 1110 935 1149 instrumento
962 1110 1214 1149 hibernorum
1242 1110 1459 1160 relinquere

84 1187 119 1217 15
139 1182 350 1224 cogeretur.
420 1175 566 1214 Omnia
600 1175 877 1225 excogitantur,
912 1189 1031 1225 quare
1063 1189 1135 1213 nec
1169 1175 1252 1214 sine
1286 1175 1459 1225 periculo
1482 1186 1499 1215 5

140 1246 341 1277 maneatur
361 1246 398 1277 et
418 1240 604 1288 languore
625 1238 791 1277 militum
809 1246 846 1277 et
867 1238 1004 1288 vigiliis
1025 1239 1241 1289 periculum
1262 1246 1457 1289 augeatur.

140 1303 269 1341 Prima
302 1305 389 1341 luce
422 1302 477 1341 sic
515 1317 561 1341 ex
599 1303 733 1341 castris
772 1302 1071 1352 proficiscuntur
1102 1311 1144 1341 ut
1178 1303 1322 1353 quibus
1361 1311 1462 1342 esset
1483 1309 1503 1340 6

138 1380 365 1417 persuasum
396 1380 476 1405 non
506 1367 556 1405 ab
586 1368 698 1405 hoste
729 1368 797 1406 sed
827 1367 878 1405 ab
908 1366 1068 1405 homine
1099 1367 1337 1406 amicissimo
1372 1370 1463 1405 Am-

139 1431 286 1481 biorige
319 1430 527 1470 consilium
562 1432 709 1478 datum,
744 1430 972 1481 longissimo
1011 1430 1166 1481 agmine
1206 1431 1464 1481 maximisque

82 1510 122 1530 20
140 1496 440 1547 impedimentis.

191 1563 245 1599 At
274 1562 417 1606 hosteS,
443 1567 580 1610 postea
605 1574 724 1610 quam
756 1574 803 1599 ex
835 1568 1029 1599 nocturno
1061 1560 1216 1599 fremitu
1248 1559 1464 1610 vigiliisque
1484 1569 1534 1607 32

139 1626 189 1663 de
209 1624 450 1674 profectione
474 1638 609 1663 eorum
635 1632 849 1672 senserunt,
874 1624 1075 1664 collocatis
1103 1624 1254 1663 insidiis
1281 1624 1465 1674 bipertito

139 1687 178 1725 in
205 1688 308 1726 silvis
338 1696 561 1738 opportuno
587 1696 706 1738 atque
733 1691 889 1728 occulto
920 1691 1008 1728 loco
1037 1702 1060 1727 a
1091 1688 1248 1727 milibus
1278 1702 1464 1738 passuum

139 1752 289 1790 circiter
327 1753 483 1792 duobus
524 1755 795 1793 Romanorum
839 1754 1053 1792 adventum
1094 1753 1373 1803 exspectabant
1414 1760 1461 1799 et,
1487 1769 1500 1790 2

82 1832 119 1863 25
141 1830 231 1855 cum
271 1831 311 1856 se
349 1818 472 1856 maior
509 1831 595 1868 pars
634 1818 799 1869 agminis
841 1818 880 1856 in
919 1832 1101 1869 magnam
1139 1819 1358 1857 convallem
1400 1819 1464 1856 de-

141 1882 318 1929 misisset,
341 1896 387 1921 ex
407 1890 570 1932 utraque
593 1891 701 1932 parte
729 1882 811 1922 eius
832 1883 940 1921 vallis
969 1883 1098 1922 subito
1126 1896 1167 1921 se
1193 1883 1462 1928 ostenderunt,

140 1946 452 1996 novissimosque
479 1960 654 1996 premere
681 1954 719 1986 et
749 1947 895 1997 primos
922 1947 1130 1997 prohibere
1154 1960 1319 1986 ascensu
1346 1954 1464 1997 atque

140 2010 385 2061 iniquissimo
406 2011 546 2050 nostris
568 2013 655 2050 loco
676 2012 867 2061 proelium
890 2012 1134 2051 committere
1155 2019 1379 2062 coeperunt.

193 2077 297 2113 Tum
319 2076 479 2114 demum
500 2075 684 2123 Titurius,
700 2076 767 2126 qui
784 2076 879 2114 nihil
900 2084 991 2115 ante
1012 2076 1255 2127 providisset,
1272 2076 1464 2125 trepidare
1483 2088 1534 2125 33

83 2155 122 2186 30
141 2148 179 2179 et
199 2154 430 2179 concursare
446 2141 696 2191 cohortisque
718 2142 936 2192 disponere,
957 2143 1054 2180 haec
1071 2149 1201 2180 tamen
1225 2141 1308 2191 ipsa
1329 2141 1464 2180 timide

139 2212 258 2255 atque
284 2212 326 2243 ut
353 2219 442 2243 eum
470 2205 603 2243 omnia
629 2206 797 2244 deficere
817 2206 1040 2245 viderentur
1053 2221 1063 2254 3
1094 2207 1203 2256 quod
1234 2207 1464 2256 plerumque

140 2270 194 2308 eis
215 2269 392 2309 accidere
413 2269 616 2308 consuevit
635 2270 701 2320 qui
723 2271 762 2308 in
792 2271 877 2320 ipso
905 2270 1063 2321 negotio
1091 2270 1298 2309 consilium
1326 2284 1464 2321 capere

140 2342 341 2383 coguntur.
400 2337 453 2372 At
483 2335 611 2381 Cotta,
642 2334 709 2384 qui
743 2334 950 2385 cogitasset
984 2336 1082 2373 haec
1111 2348 1226 2384 posse
1256 2335 1295 2372 in
1326 2335 1462 2374 itinere
1486 2352 1500 2373 2

139 2398 317 2438 accidere
354 2406 472 2448 atque
507 2399 559 2437 ob
598 2412 685 2438 eam
724 2412 881 2438 causam
920 2398 1172 2448 profectionis
1210 2406 1346 2438 auctor
1380 2413 1460 2438 non

199 2528 341 2549 CAESAR.
361 2527 426 2548 1313.
1372 2518 1390 2547 '7
