1768 2739
621 143 664 182 C.
700 143 815 181 IVLI
847 143 1115 182 CAESARIS

164 272 182 302 9
204 255 403 293 tenebant.
466 256 525 292 Eo
547 261 629 292 tum
659 260 760 292 statu
786 267 844 292 res
874 261 953 292 erat
984 261 1025 292 ut
1054 255 1168 305 longe
1196 255 1392 307 principes
1413 258 1530 298 habe-

204 327 336 358 rentur
357 319 498 366 Aedui,
522 320 740 358 secundum
762 321 893 357 locum
916 319 1114 369 dignitatis
1138 321 1254 359 Remi
1275 322 1508 362 obtinerent.

139 397 181 433 13
259 386 306 423 In
331 384 439 423 omni
461 383 588 423 Gallia
614 397 749 423 eorum
775 383 980 422 hominum
1009 384 1075 435 qui
1100 385 1232 435 aliquo
1253 394 1343 425 sunt
1364 401 1529 427 numero

199 456 318 499 atque
345 450 495 488 honore
519 462 661 499 genera
690 456 781 487 sunt
808 450 898 488 duo.
960 450 1063 487 Nam
1089 450 1224 500 plebes
1252 464 1377 502 paene
1405 465 1530 491 servo-

200 528 284 552 rum
312 514 477 552 habetur
504 515 603 561 loco,
626 527 726 563 quae
754 512 850 551 nihil
878 515 997 552 audet
1018 527 1086 564 per
1110 527 1160 562 se,
1188 517 1297 554 nullo
1320 515 1530 555 adhibetur
1549 529 1567 561 5

165 597 179 617 2
200 578 375 617 consilio.
446 577 636 628 Plerique,
668 591 758 616 cum
787 585 855 616 aut
884 591 972 616 aere
1002 578 1131 617 alieno
1160 587 1227 618 aut
1257 580 1529 631 magnitudine

200 643 432 682 tributorum
457 650 523 681 aut
552 642 690 681 iniuria
715 642 979 692 potentiorum
1007 652 1245 693 premuntur,
1275 659 1359 684 sese
1387 646 1426 684 in
1456 659 1529 684 scr-

144 712 149 716 *
198 709 361 747 vitutem
388 708 521 747 dicant
545 707 756 754 nobilibus,
778 709 913 757 quibus
942 708 981 746 in
1011 709 1083 747 hos
1116 710 1255 748 eadem
1281 710 1414 749 omnia
1437 719 1528 749 sunt

163 790 180 819 3
200 775 280 812 iura
301 787 401 824 quae
421 773 593 812 dominis
620 773 659 811 in
684 786 825 812 servos.
886 775 964 813 Sed
986 775 1036 812 de
1063 774 1121 813 his
1143 776 1299 813 duobus
1320 776 1527 825 generibus

161 851 178 880 4
197 841 362 877 alterum
392 845 449 877 est
478 837 674 885 druidum,
701 839 865 877 alterum
897 838 1084 888 equitum.
1152 839 1213 877 Illi
1243 840 1358 878 rebus
1385 840 1527 879 divinis
1551 854 1589 875 10

198 904 399 950 intersunt,
429 903 616 941 sacrificia
645 903 803 953 publica
832 917 878 942 ac
906 904 1052 954 privata
1079 913 1299 954 procurant,
1323 905 1528 954 religiones

198 969 520 1019 interpretantur:
549 969 601 1007 ad
625 969 697 1007 hos
726 981 890 1018 magnus
914 970 1227 1008 adulescentium
1248 983 1433 1008 numerus
1454 970 1528 1008 dis-

198 1034 365 1084 ciplinae
386 1047 502 1072 causa
523 1033 728 1081 concurrit,
749 1047 971 1084 magnoque
993 1035 1032 1073 hi
1054 1043 1144 1074 sunt
1159 1037 1265 1086 apud
1282 1050 1348 1075 eos
1364 1037 1524 1074 honore.

161 1111 178 1141 5
200 1101 303 1137 Nam
325 1100 403 1137 fere
421 1100 471 1138 de
491 1098 676 1137 omnibus
699 1099 970 1138 controversiis
991 1099 1159 1149 publicis
1181 1100 1418 1151 privatisque
1438 1113 1528 1138 con-

198 1163 363 1202 stituunt
393 1171 441 1211 et,
468 1163 498 1201 si
526 1165 634 1214 quod
664 1171 722 1202 est
748 1164 964 1202 admissum
992 1165 1154 1213 facinus,
1184 1165 1215 1204 si
1244 1167 1385 1205 caedes
1412 1167 1524 1213 facta,
1550 1178 1586 1209 15

199 1229 230 1268 si
251 1230 300 1268 de
320 1229 545 1275 hereditate,
562 1230 613 1267 de
634 1229 777 1267 finibus
799 1230 1061 1269 controversia
1083 1238 1151 1278 est,
1170 1231 1276 1270 idem
1297 1232 1525 1278 decernunt,

161 1294 371 1344 6praemia
409 1307 637 1343 poenasque
672 1293 941 1342 constituunt3
983 1295 1012 1333 si
1053 1295 1119 1345 qui
1157 1303 1223 1334 aut
1257 1296 1427 1346 privatus
1460 1302 1527 1334 aut

199 1360 367 1409 populus
402 1372 537 1397 eorum
572 1359 731 1397 decreto
771 1372 850 1397 non
890 1359 1006 1406 stetit,
1040 1360 1237 1398 sacrificiis
1275 1360 1523 1398 interdicunt.

164 1430 180 1464 7
201 1426 314 1462 Haec
335 1437 462 1473 poena
482 1425 588 1473 apud
610 1436 676 1462 eos
702 1431 760 1462 est
779 1423 1014 1473 gravissima.
1075 1424 1231 1472 Quibus
1259 1424 1312 1462 ita
1335 1432 1393 1463 est
1414 1425 1526 1463 inter-

198 1488 358 1535 dictum,
383 1487 421 1525 hi
443 1501 607 1526 numero
628 1488 837 1538 impiorum
864 1501 911 1526 ac
938 1490 1213 1527 sceleratorum
1238 1489 1442 1536 habentur,
1465 1488 1524 1527 his
1546 1501 1587 1523 20

198 1566 335 1591 omnes
363 1554 573 1599 decedunt,
602 1553 753 1592 aditum
784 1567 1086 1603 sermonemque
1115 1554 1331 1603 defugiunt,
1353 1568 1404 1592 ne
1430 1554 1525 1604 quid

198 1632 244 1656 ex
273 1618 507 1668 contagione
542 1618 786 1657 incommodi
819 1619 1026 1668 accipiant,
1055 1632 1184 1669 neque
1213 1619 1273 1657 his
1302 1619 1526 1669 petentibus

161 1695 179 1726 8
199 1684 256 1721 ius
278 1683 462 1730 redditur,
486 1697 615 1733 neque
636 1685 764 1722 honos
785 1685 886 1722 ullus
907 1684 1230 1722 communicatur.
1292 1684 1368 1722 His
1395 1692 1526 1723 autern

198 1747 382 1786 omnibus
418 1747 623 1787 druidibus
657 1756 809 1798 praeest
843 1761 956 1796 unus,
992 1748 1059 1798 qui
1097 1762 1293 1787 summam
1327 1748 1427 1787 inter
1460 1761 1527 1787 eos

161 1828 180 1858 9
200 1813 317 1850 habet
338 1813 620 1851 auctoritatem.
682 1815 776 1852 Hoc
803 1821 970 1860 mortuo,
993 1820 1060 1851 aut
1080 1812 1111 1851 si
1132 1813 1199 1863 qui
1220 1827 1266 1852 ex
1286 1813 1443 1863 reliquis
1467 1826 1527 1851 ex·
1548 1825 1585 1856 25

199 1877 303 1915 cellit
330 1877 520 1928 dignitate
551 1878 738 1925 succedit,
761 1885 839 1925 aut,
863 1877 894 1916 si
921 1885 1011 1916 sunt
1037 1879 1166 1928 plures
1195 1891 1318 1928 pares,
1346 1877 1526 1927 suffragio

198 1942 395 1990 druidum,
430 1956 510 1981 non
550 1957 767 1994 numquam
797 1943 915 1982 etiam
953 1944 1069 1982 armis
1104 1944 1154 1982 de
1187 1942 1407 1993 principatu
1437 1954 1527 1980 con-

141 2023 180 2044 10
198 2009 375 2046 tendunt.
445 2008 502 2046 Hi
541 2016 648 2047 certo
685 2008 779 2047 anni
817 2016 994 2059 tempore
1032 2009 1071 2046 in
1110 2008 1255 2046 finibus
1294 2009 1525 2053 Carnutum,

198 2085 299 2121 quae
326 2072 430 2121 regio
457 2073 576 2111 totius
601 2073 752 2111 Galliae
778 2073 909 2112 media
934 2073 1111 2120 habetur,
1133 2073 1346 2111 considunt
1372 2073 1412 2110 in
1438 2073 1527 2110 loco

199 2144 439 2175 consecrato.
500 2139 594 2175 Huc
614 2151 753 2176 omnes
780 2138 956 2188 undique
981 2138 1048 2188 qui
1072 2137 1354 2176 controversias
1379 2137 1526 2175 habent
1547 2146 1587 2177 30

142 2219 177 2241 11
199 2202 440 2240 conveniunt
473 2216 689 2252 eorumque
722 2203 888 2242 decretis
924 2203 1157 2252 iudiciisque
1191 2209 1337 2252 parent.
1403 2201 1526 2239 Disci-

200 2266 305 2315 plina
333 2266 372 2304 in
397 2267 597 2305 Britannia
626 2274 776 2317 reperta
805 2276 924 2318 atque
954 2268 1046 2306 inde
1076 2267 1114 2304 in
1146 2267 1313 2306 Galliam
1343 2267 1525 2305 translata

244 2370 264 2397 8
288 2368 408 2406 quibus
426 2369 501 2398 add.
521 2369 638 2399 Dinler
757 2371 796 2400 16
821 2372 1008 2401 decernunt
1032 2370 1076 2400 T:
1103 2371 1298 2401 discernunt
1316 2368 1375 2400 aU
1484 2377 1523 2407 27

197 2415 271 2450 post
293 2412 447 2441 druidum
466 2412 539 2442 add.
559 2413 727 2452 adlegitur
745 2415 767 2448 β
