<?xml version="1.0" encoding="UTF-8"?>
<!DOCTYPE html PUBLIC "-//W3C//DTD XHTML 1.0 Transitional//EN"
    "http://www.w3.org/TR/xhtml1/DTD/xhtml1-transitional.dtd">
<html xmlns="http://www.w3.org/1999/xhtml" xml:lang="en" lang="en">
 <head>
  <title>
</title>
<meta http-equiv="Content-Type" content="text/html;charset=utf-8" />
  <meta name='ocr-system' content='tesseract 3.04.00' />
  <meta name='ocr-capabilities' content='ocr_page ocr_carea ocr_par ocr_line ocrx_word'/>
</head>
<body>
  <div class='ocr_page' id='page_1' title='image "./commentariorumpa01caesuoft_0053.png"; bbox 0 0 1706 2729; ppageno 0'>
   <div class='ocr_carea' id='block_1_1' title="bbox 422 141 1191 182">
    <p class='ocr_par' dir='ltr' id='par_1_1' title="bbox 422 141 1191 182">
     <span class='ocr_line' id='line_1_1' title="bbox 422 141 1191 182; baseline -0.005 -1"><span class='ocrx_word' id='word_1_1' title='bbox 422 145 494 182; x_wconf 84' lang='lat' dir='ltr'><strong>DE</strong></span> <span class='ocrx_word' id='word_1_2' title='bbox 527 142 706 180; x_wconf 86' lang='lat' dir='ltr'>BELLO</span> <span class='ocrx_word' id='word_1_3' title='bbox 737 141 982 178; x_wconf 75' lang='lat' dir='ltr'>GALLICO</span> <span class='ocrx_word' id='word_1_4' title='bbox 1014 141 1114 177; x_wconf 84' lang='lat' dir='ltr'>LIB.</span> <span class='ocrx_word' id='word_1_5' title='bbox 1151 141 1191 178; x_wconf 97' lang='grc' dir='ltr'><strong>ΙΙ</strong></span> 
     </span>
    </p>
   </div>
   <div class='ocr_carea' id='block_1_2' title="bbox 146 250 1508 496">
    <p class='ocr_par' dir='ltr' id='par_1_2' title="bbox 146 250 1508 496">
     <span class='ocr_line' id='line_1_2' title="bbox 147 250 1471 301; baseline -0.005 -7"><span class='ocrx_word' id='word_1_6' title='bbox 147 264 185 294; x_wconf 89' lang='lat' dir='ltr'><strong>et</strong></span> <span class='ocrx_word' id='word_1_7' title='bbox 208 257 248 294; x_wconf 93' lang='lat' dir='ltr'><strong>L.</strong></span> <span class='ocrx_word' id='word_1_8' title='bbox 273 253 580 293; x_wconf 80' lang='lat' dir='ltr'><strong>Aurunculeium</strong></span> <span class='ocrx_word' id='word_1_9' title='bbox 601 253 759 291; x_wconf 81' lang='lat' dir='ltr'>Cottam</span> <span class='ocrx_word' id='word_1_10' title='bbox 779 252 925 300; x_wconf 87' lang='lat' dir='ltr'><strong>legatos</strong></span> <span class='ocrx_word' id='word_1_11' title='bbox 945 251 1154 301; x_wconf 67' lang='lat' dir='ltr'><strong>praefecit,</strong></span> <span class='ocrx_word' id='word_1_12' title='bbox 1182 252 1227 289; x_wconf 92' lang='lat' dir='ltr'><strong>T.</strong></span> <span class='ocrx_word' id='word_1_13' title='bbox 1253 250 1471 288; x_wconf 84' lang='lat' dir='ltr'><strong>Labienum</strong></span> 
     </span>
     <span class='ocr_line' id='line_1_3' title="bbox 147 315 1508 370; baseline -0.004 -11"><span class='ocrx_word' id='word_1_14' title='bbox 147 322 315 370; x_wconf 87' lang='lat' dir='ltr'><strong>legatum</strong></span> <span class='ocrx_word' id='word_1_15' title='bbox 333 332 422 357; x_wconf 90' lang='lat' dir='ltr'><strong>cum</strong></span> <span class='ocrx_word' id='word_1_16' title='bbox 438 317 655 367; x_wconf 80' lang='lat' dir='ltr'><strong>legionibus</strong></span> <span class='ocrx_word' id='word_1_17' title='bbox 669 316 789 354; x_wconf 85' lang='lat' dir='ltr'><strong>tribus</strong></span> <span class='ocrx_word' id='word_1_18' title='bbox 806 315 990 365; x_wconf 76' lang='lat' dir='ltr'><strong>subsequi</strong></span> <span class='ocrx_word' id='word_1_19' title='bbox 1007 315 1125 353; x_wconf 86' lang='lat' dir='ltr'><strong>iussit.</strong></span> <span class='ocrx_word' id='word_1_20' title='bbox 1169 315 1225 353; x_wconf 90' lang='lat' dir='ltr'><strong>Hi</strong></span> <span class='ocrx_word' id='word_1_21' title='bbox 1240 315 1472 353; x_wconf 87' lang='lat' dir='ltr'><strong>novissimos</strong></span> <span class='ocrx_word' id='word_1_22' title='bbox 1492 325 1508 353; x_wconf 72' lang='grc'><em>4</em></span> 
     </span>
     <span class='ocr_line' id='line_1_4' title="bbox 146 379 1473 430; baseline -0.005 -7"><span class='ocrx_word' id='word_1_23' title='bbox 146 384 272 424; x_wconf 88' lang='lat' dir='ltr'><strong>adorti</strong></span> <span class='ocrx_word' id='word_1_24' title='bbox 306 392 343 422; x_wconf 86' lang='lat' dir='ltr'><strong>et</strong></span> <span class='ocrx_word' id='word_1_25' title='bbox 388 384 508 421; x_wconf 90' lang='lat' dir='ltr'><strong>multa</strong></span> <span class='ocrx_word' id='word_1_26' title='bbox 542 381 646 419; x_wconf 92' lang='lat' dir='ltr'><strong>milia</strong></span> <span class='ocrx_word' id='word_1_27' title='bbox 682 393 867 430; x_wconf 82' lang='lat' dir='ltr'><strong>passuum</strong></span> <span class='ocrx_word' id='word_1_28' title='bbox 904 379 1097 430; x_wconf 90' lang='lat' dir='ltr'><strong>prosecuti</strong></span> <span class='ocrx_word' id='word_1_29' title='bbox 1132 393 1313 429; x_wconf 87' lang='lat' dir='ltr'><strong>magnam</strong></span> <span class='ocrx_word' id='word_1_30' title='bbox 1349 379 1473 417; x_wconf 88' lang='lat' dir='ltr'><strong>multi—</strong></span> 
     </span>
     <span class='ocr_line' id='line_1_5' title="bbox 147 444 1473 496; baseline -0.005 -8"><span class='ocrx_word' id='word_1_31' title='bbox 147 449 325 488; x_wconf 87' lang='lat' dir='ltr'><strong>tudinem</strong></span> <span class='ocrx_word' id='word_1_32' title='bbox 356 460 489 486; x_wconf 90' lang='lat' dir='ltr'><strong>eorum</strong></span> <span class='ocrx_word' id='word_1_33' title='bbox 524 445 755 496; x_wconf 85' lang='lat' dir='ltr'><strong>fugientium</strong></span> <span class='ocrx_word' id='word_1_34' title='bbox 789 444 1056 491; x_wconf 89' lang='lat' dir='ltr'><strong>conciderunt,</strong></span> <span class='ocrx_word' id='word_1_35' title='bbox 1091 457 1181 482; x_wconf 87' lang='lat' dir='ltr'><strong>cum</strong></span> <span class='ocrx_word' id='word_1_36' title='bbox 1216 445 1266 482; x_wconf 88' lang='lat' dir='ltr'><strong>ab</strong></span> <span class='ocrx_word' id='word_1_37' title='bbox 1302 452 1473 482; x_wconf 86' lang='lat' dir='ltr'><strong>extremo</strong></span> 
     </span>
    </p>
   </div>
   <div class='ocr_carea' id='block_1_3' title="bbox 111 508 1474 564">
    <p class='ocr_par' dir='ltr' id='par_1_3' title="bbox 111 508 1474 564">
     <span class='ocr_line' id='line_1_6' title="bbox 111 508 1474 564; baseline -0.006 -11"><span class='ocrx_word' id='word_1_38' title='bbox 111 527 126 556; x_wconf 73' lang='lat'><em>5</em></span> <span class='ocrx_word' id='word_1_39' title='bbox 147 514 313 564; x_wconf 85' lang='lat' dir='ltr'><strong>agmine,</strong></span> <span class='ocrx_word' id='word_1_40' title='bbox 342 514 392 551; x_wconf 91' lang='lat' dir='ltr'><strong>ad</strong></span> <span class='ocrx_word' id='word_1_41' title='bbox 422 525 520 562; x_wconf 88' lang='lat' dir='ltr'><strong>quos</strong></span> <span class='ocrx_word' id='word_1_42' title='bbox 547 518 706 549; x_wconf 85' lang='lat' dir='ltr'><strong>ventum</strong></span> <span class='ocrx_word' id='word_1_43' title='bbox 737 518 827 556; x_wconf 88' lang='lat' dir='ltr'><strong>erat,</strong></span> <span class='ocrx_word' id='word_1_44' title='bbox 859 509 1125 556; x_wconf 86' lang='lat' dir='ltr'><strong>consisterent,</strong></span> <span class='ocrx_word' id='word_1_45' title='bbox 1151 508 1377 558; x_wconf 84' lang='lat' dir='ltr'><strong>fortiterque</strong></span> <span class='ocrx_word' id='word_1_46' title='bbox 1408 508 1474 546; x_wconf 81' lang='lat' dir='ltr'><strong>im-</strong></span> 
     </span>
    </p>
   </div>
   <div class='ocr_carea' id='block_1_4' title="bbox 92 853 129 873">
    <p class='ocr_par' dir='ltr' id='par_1_4' title="bbox 92 853 129 873">
     <span class='ocr_line' id='line_1_7' title="bbox 92 853 129 873; baseline 0 0"><span class='ocrx_word' id='word_1_47' title='bbox 92 853 129 873; x_wconf 92' lang='lat'><strong>10</strong></span> 
     </span>
    </p>
   </div>
   <div class='ocr_carea' id='block_1_5' title="bbox 147 573 1539 1141">
    <p class='ocr_par' dir='ltr' id='par_1_5' title="bbox 147 573 1514 1013">
     <span class='ocr_line' id='line_1_8' title="bbox 148 573 1512 628; baseline -0.005 -11"><span class='ocrx_word' id='word_1_48' title='bbox 148 587 283 628; x_wconf 88' lang='lat' dir='ltr'><strong>petum</strong></span> <span class='ocrx_word' id='word_1_49' title='bbox 310 585 530 616; x_wconf 88' lang='lat' dir='ltr'><strong>nostrorum</strong></span> <span class='ocrx_word' id='word_1_50' title='bbox 558 575 723 613; x_wconf 88' lang='lat' dir='ltr'><strong>militum</strong></span> <span class='ocrx_word' id='word_1_51' title='bbox 748 574 991 620; x_wconf 80' lang='lat' dir='ltr'><strong>sustinerent,</strong></span> <span class='ocrx_word' id='word_1_52' title='bbox 1018 574 1174 624; x_wconf 83' lang='lat' dir='ltr'><strong>priores,</strong></span> <span class='ocrx_word' id='word_1_53' title='bbox 1201 574 1309 623; x_wconf 93' lang='lat' dir='ltr'><strong>quod</strong></span> <span class='ocrx_word' id='word_1_54' title='bbox 1338 573 1474 611; x_wconf 90' lang='lat' dir='ltr'><strong>abesse</strong></span> <span class='ocrx_word' id='word_1_55' title='bbox 1496 584 1512 614; x_wconf 85' lang='lat'>5</span> 
     </span>
     <span class='ocr_line' id='line_1_9' title="bbox 147 638 1475 692; baseline -0.004 -12"><span class='ocrx_word' id='word_1_56' title='bbox 147 656 168 680; x_wconf 89' lang='lat' dir='ltr'><strong>a</strong></span> <span class='ocrx_word' id='word_1_57' title='bbox 196 642 368 692; x_wconf 90' lang='lat' dir='ltr'><strong>periculo</strong></span> <span class='ocrx_word' id='word_1_58' title='bbox 395 642 617 679; x_wconf 85' lang='lat' dir='ltr'><strong>viderentur</strong></span> <span class='ocrx_word' id='word_1_59' title='bbox 643 654 771 690; x_wconf 88' lang='lat' dir='ltr'><strong>neque</strong></span> <span class='ocrx_word' id='word_1_60' title='bbox 802 641 879 677; x_wconf 87' lang='lat' dir='ltr'><strong>ulla</strong></span> <span class='ocrx_word' id='word_1_61' title='bbox 903 639 1133 677; x_wconf 78' lang='lat' dir='ltr'><strong>necessitate</strong></span> <span class='ocrx_word' id='word_1_62' title='bbox 1162 651 1291 688; x_wconf 91' lang='lat' dir='ltr'><strong>neque</strong></span> <span class='ocrx_word' id='word_1_63' title='bbox 1311 638 1475 688; x_wconf 89' lang='lat' dir='ltr'><strong>imperio</strong></span> 
     </span>
     <span class='ocr_line' id='line_1_10' title="bbox 147 703 1475 755; baseline -0.005 -9"><span class='ocrx_word' id='word_1_64' title='bbox 147 707 448 754; x_wconf 86' lang='lat' dir='ltr'><strong>continerentur,</strong></span> <span class='ocrx_word' id='word_1_65' title='bbox 466 705 648 744; x_wconf 84' lang='lat' dir='ltr'><strong>exaudito</strong></span> <span class='ocrx_word' id='word_1_66' title='bbox 661 707 840 751; x_wconf 87' lang='lat' dir='ltr'><strong>clamore,</strong></span> <span class='ocrx_word' id='word_1_67' title='bbox 859 704 1090 755; x_wconf 86' lang='lat' dir='ltr'><strong>perturbatis</strong></span> <span class='ocrx_word' id='word_1_68' title='bbox 1106 703 1319 750; x_wconf 88' lang='lat' dir='ltr'><strong>ordinibus,</strong></span> <span class='ocrx_word' id='word_1_69' title='bbox 1338 716 1475 741; x_wconf 82' lang='lat' dir='ltr'><strong>omnes</strong></span> 
     </span>
     <span class='ocr_line' id='line_1_11' title="bbox 147 767 1514 822; baseline -0.004 -12"><span class='ocrx_word' id='word_1_70' title='bbox 147 772 186 809; x_wconf 90' lang='lat' dir='ltr'><strong>in</strong></span> <span class='ocrx_word' id='word_1_71' title='bbox 213 773 303 822; x_wconf 83' lang='lat' dir='ltr'><strong>fuga</strong></span> <span class='ocrx_word' id='word_1_72' title='bbox 337 771 409 809; x_wconf 86' lang='lat' dir='ltr'><strong>sibi</strong></span> <span class='ocrx_word' id='word_1_73' title='bbox 443 770 679 821; x_wconf 83' lang='lat' dir='ltr'><strong>praesidium</strong></span> <span class='ocrx_word' id='word_1_74' title='bbox 714 777 914 820; x_wconf 89' lang='lat' dir='ltr'><strong>ponerent.</strong></span> <span class='ocrx_word' id='word_1_75' title='bbox 987 770 1046 806; x_wconf 90' lang='lat' dir='ltr'><strong>Ita</strong></span> <span class='ocrx_word' id='word_1_76' title='bbox 1077 768 1160 806; x_wconf 90' lang='lat' dir='ltr'><strong>sine</strong></span> <span class='ocrx_word' id='word_1_77' title='bbox 1192 769 1271 806; x_wconf 91' lang='lat' dir='ltr'><strong>ullo</strong></span> <span class='ocrx_word' id='word_1_78' title='bbox 1302 767 1475 817; x_wconf 86' lang='lat' dir='ltr'><strong>periculo</strong></span> <span class='ocrx_word' id='word_1_79' title='bbox 1495 773 1514 803; x_wconf 89' lang='lat'><strong>6</strong></span> 
     </span>
     <span class='ocr_line' id='line_1_12' title="bbox 147 833 1474 881; baseline -0.005 -7"><span class='ocrx_word' id='word_1_80' title='bbox 147 844 295 874; x_wconf 88' lang='lat' dir='ltr'><strong>tantam</strong></span> <span class='ocrx_word' id='word_1_81' title='bbox 337 848 471 874; x_wconf 91' lang='lat' dir='ltr'><strong>eorum</strong></span> <span class='ocrx_word' id='word_1_82' title='bbox 505 834 795 872; x_wconf 88' lang='lat' dir='ltr'><strong>multitudinem</strong></span> <span class='ocrx_word' id='word_1_83' title='bbox 826 833 945 871; x_wconf 87' lang='lat' dir='ltr'><strong>nostri</strong></span> <span class='ocrx_word' id='word_1_84' title='bbox 977 833 1252 871; x_wconf 86' lang='lat' dir='ltr'><strong>interfecerunt</strong></span> <span class='ocrx_word' id='word_1_85' title='bbox 1284 839 1474 881; x_wconf 85' lang='lat' dir='ltr'><strong>quantum</strong></span> 
     </span>
     <span class='ocr_line' id='line_1_13' title="bbox 148 896 1475 950; baseline -0.004 -12"><span class='ocrx_word' id='word_1_86' title='bbox 148 900 218 938; x_wconf 90' lang='lat' dir='ltr'><strong>fuit</strong></span> <span class='ocrx_word' id='word_1_87' title='bbox 239 900 316 938; x_wconf 91' lang='lat' dir='ltr'><strong>diei</strong></span> <span class='ocrx_word' id='word_1_88' title='bbox 337 899 515 950; x_wconf 90' lang='lat' dir='ltr'><strong>spatium,</strong></span> <span class='ocrx_word' id='word_1_89' title='bbox 542 899 614 936; x_wconf 95' lang='lat' dir='ltr'><strong>sub</strong></span> <span class='ocrx_word' id='word_1_90' title='bbox 635 911 897 947; x_wconf 78' lang='lat' dir='ltr'><strong>occasumque</strong></span> <span class='ocrx_word' id='word_1_91' title='bbox 927 897 1017 935; x_wconf 87' lang='lat' dir='ltr'><strong>solis</strong></span> <span class='ocrx_word' id='word_1_92' title='bbox 1045 897 1276 935; x_wconf 87' lang='lat' dir='ltr'><strong>destiterunt</strong></span> <span class='ocrx_word' id='word_1_93' title='bbox 1296 909 1416 946; x_wconf 88' lang='lat' dir='ltr'><strong>seque</strong></span> <span class='ocrx_word' id='word_1_94' title='bbox 1437 896 1475 933; x_wconf 91' lang='lat' dir='ltr'><strong>in</strong></span> 
     </span>
     <span class='ocr_line' id='line_1_14' title="bbox 148 963 972 1013; baseline -0.005 -10"><span class='ocrx_word' id='word_1_95' title='bbox 148 972 282 1011; x_wconf 89' lang='lat' dir='ltr'><strong>Castra,</strong></span> <span class='ocrx_word' id='word_1_96' title='bbox 306 972 347 1002; x_wconf 87' lang='lat' dir='ltr'><strong>ut</strong></span> <span class='ocrx_word' id='word_1_97' title='bbox 368 972 446 1002; x_wconf 86' lang='lat' dir='ltr'><strong>erat</strong></span> <span class='ocrx_word' id='word_1_98' title='bbox 467 963 710 1013; x_wconf 87' lang='lat' dir='ltr'><strong>imperatum,</strong></span> <span class='ocrx_word' id='word_1_99' title='bbox 734 969 972 1012; x_wconf 87' lang='lat' dir='ltr'><strong>receperunt.</strong></span> 
     </span>
    </p>

    <p class='ocr_par' dir='ltr' id='par_1_6' title="bbox 149 1026 1539 1141">
     <span class='ocr_line' id='line_1_15' title="bbox 204 1026 1539 1076; baseline -0.002 -10"><span class='ocrx_word' id='word_1_100' title='bbox 204 1027 395 1066; x_wconf 83' lang='lat' dir='ltr'><strong>Postridie</strong></span> <span class='ocrx_word' id='word_1_101' title='bbox 416 1027 496 1065; x_wconf 86' lang='lat' dir='ltr'><strong>eius</strong></span> <span class='ocrx_word' id='word_1_102' title='bbox 518 1027 594 1065; x_wconf 92' lang='lat' dir='ltr'><strong>diei</strong></span> <span class='ocrx_word' id='word_1_103' title='bbox 616 1028 768 1073; x_wconf 85' lang='lat' dir='ltr'><strong>Caesar,</strong></span> <span class='ocrx_word' id='word_1_104' title='bbox 787 1026 891 1076; x_wconf 89' lang='lat' dir='ltr'><strong>prius</strong></span> <span class='ocrx_word' id='word_1_105' title='bbox 912 1039 1030 1076; x_wconf 88' lang='lat' dir='ltr'><strong>quam</strong></span> <span class='ocrx_word' id='word_1_106' title='bbox 1052 1039 1093 1064; x_wconf 92' lang='lat' dir='ltr'><strong>se</strong></span> <span class='ocrx_word' id='word_1_107' title='bbox 1113 1027 1245 1064; x_wconf 86' lang='lat' dir='ltr'><strong>hostes</strong></span> <span class='ocrx_word' id='word_1_108' title='bbox 1266 1040 1313 1064; x_wconf 83' lang='lat' dir='ltr'><strong>ex</strong></span> <span class='ocrx_word' id='word_1_109' title='bbox 1333 1033 1476 1064; x_wconf 88' lang='lat' dir='ltr'><strong>terrore</strong></span> <span class='ocrx_word' id='word_1_110' title='bbox 1497 1036 1539 1063; x_wconf 88' lang='lat'><strong>12</strong></span> 
     </span>
     <span class='ocr_line' id='line_1_16' title="bbox 149 1089 1475 1141; baseline -0.002 -11"><span class='ocrx_word' id='word_1_111' title='bbox 149 1106 194 1130; x_wconf 91' lang='lat' dir='ltr'><strong>ac</strong></span> <span class='ocrx_word' id='word_1_112' title='bbox 215 1094 304 1141; x_wconf 81' lang='lat' dir='ltr'><strong>fuga</strong></span> <span class='ocrx_word' id='word_1_113' title='bbox 331 1091 557 1141; x_wconf 87' lang='lat' dir='ltr'><strong>reciperent,</strong></span> <span class='ocrx_word' id='word_1_114' title='bbox 579 1091 619 1128; x_wconf 93' lang='lat' dir='ltr'><strong>in</strong></span> <span class='ocrx_word' id='word_1_115' title='bbox 644 1091 730 1128; x_wconf 82' lang='lat' dir='ltr'><strong>finis</strong></span> <span class='ocrx_word' id='word_1_116' title='bbox 758 1090 1022 1137; x_wconf 84' lang='lat' dir='ltr'><strong>Suessionum,</strong></span> <span class='ocrx_word' id='word_1_117' title='bbox 1051 1090 1119 1140; x_wconf 89' lang='lat' dir='ltr'><strong>qui</strong></span> <span class='ocrx_word' id='word_1_118' title='bbox 1148 1090 1313 1140; x_wconf 82' lang='lat' dir='ltr'><strong>proximi</strong></span> <span class='ocrx_word' id='word_1_119' title='bbox 1339 1089 1475 1128; x_wconf 88' lang='lat' dir='ltr'><strong>Remis</strong></span> 
     </span>
    </p>
   </div>
   <div class='ocr_carea' id='block_1_6' title="bbox 94 1154 1477 1206">
    <p class='ocr_par' dir='ltr' id='par_1_7' title="bbox 94 1154 1477 1206">
     <span class='ocr_line' id='line_1_17' title="bbox 94 1154 1477 1206; baseline -0.003 -11"><span class='ocrx_word' id='word_1_120' title='bbox 94 1176 128 1206; x_wconf 69' lang='lat'><strong>¹5</strong></span> <span class='ocrx_word' id='word_1_121' title='bbox 150 1165 268 1203; x_wconf 84' lang='lat' dir='ltr'><strong>erant,</strong></span> <span class='ocrx_word' id='word_1_122' title='bbox 320 1155 530 1194; x_wconf 79' lang='lat' dir='ltr'><strong>exercitum</strong></span> <span class='ocrx_word' id='word_1_123' title='bbox 579 1155 688 1193; x_wconf 73' lang='lat' dir='ltr'><strong>duxit</strong></span> <span class='ocrx_word' id='word_1_124' title='bbox 740 1163 778 1193; x_wconf 89' lang='lat' dir='ltr'><strong>et</strong></span> <span class='ocrx_word' id='word_1_125' title='bbox 833 1168 976 1204; x_wconf 89' lang='lat' dir='ltr'><strong>magno</strong></span> <span class='ocrx_word' id='word_1_126' title='bbox 1027 1154 1163 1192; x_wconf 89' lang='lat' dir='ltr'><strong>itinere</strong></span> <span class='ocrx_word' id='word_1_127' title='bbox 1206 1156 1386 1192; x_wconf 88' lang='lat' dir='ltr'><strong>confecto</strong></span> <span class='ocrx_word' id='word_1_128' title='bbox 1426 1155 1477 1192; x_wconf 88' lang='lat' dir='ltr'><strong>ad</strong></span> 
     </span>
    </p>
   </div>
   <div class='ocr_carea' id='block_1_7' title="bbox 93 1497 129 1519">
    <p class='ocr_par' dir='ltr' id='par_1_8' title="bbox 93 1497 129 1519">
     <span class='ocr_line' id='line_1_18' title="bbox 93 1497 129 1519; baseline 0 0"><span class='ocrx_word' id='word_1_129' title='bbox 93 1497 129 1519; x_wconf 85' lang='lat'><strong>20</strong></span> 
     </span>
    </p>
   </div>
   <div class='ocr_carea' id='block_1_8' title="bbox 95 2134 132 2163">
    <p class='ocr_par' dir='ltr' id='par_1_9' title="bbox 95 2134 132 2163">
     <span class='ocr_line' id='line_1_19' title="bbox 95 2134 132 2163; baseline 0 -8"><span class='ocrx_word' id='word_1_130' title='bbox 95 2134 132 2163; x_wconf 78' lang='grc'><strong>30</strong></span> 
     </span>
    </p>
   </div>
   <div class='ocr_carea' id='block_1_9' title="bbox 148 1218 1517 1785">
    <p class='ocr_par' dir='ltr' id='par_1_10' title="bbox 148 1218 1517 1785">
     <span class='ocr_line' id='line_1_20' title="bbox 149 1218 1515 1271; baseline -0.003 -12"><span class='ocrx_word' id='word_1_131' title='bbox 149 1221 339 1271; x_wconf 90' lang='lat' dir='ltr'><strong>oppidum</strong></span> <span class='ocrx_word' id='word_1_132' title='bbox 369 1219 651 1258; x_wconf 86' lang='lat' dir='ltr'><strong>Noviodunum</strong></span> <span class='ocrx_word' id='word_1_133' title='bbox 677 1219 890 1257; x_wconf 87' lang='lat' dir='ltr'><strong>contendit.</strong></span> <span class='ocrx_word' id='word_1_134' title='bbox 951 1220 999 1257; x_wconf 92' lang='lat' dir='ltr'><strong>Id</strong></span> <span class='ocrx_word' id='word_1_135' title='bbox 1026 1232 1071 1256; x_wconf 80' lang='lat' dir='ltr'><strong>ex</strong></span> <span class='ocrx_word' id='word_1_136' title='bbox 1095 1218 1230 1256; x_wconf 87' lang='lat' dir='ltr'><strong>itinere</strong></span> <span class='ocrx_word' id='word_1_137' title='bbox 1251 1231 1478 1268; x_wconf 83' lang='lat' dir='ltr'><strong>oppugnare</strong></span> <span class='ocrx_word' id='word_1_138' title='bbox 1501 1236 1515 1256; x_wconf 87' lang='lat'><strong>2</strong></span> 
     </span>
     <span class='ocr_line' id='line_1_21' title="bbox 150 1283 1479 1334; baseline -0.002 -11"><span class='ocrx_word' id='word_1_139' title='bbox 150 1293 324 1331; x_wconf 89' lang='lat' dir='ltr'><strong>conatus,</strong></span> <span class='ocrx_word' id='word_1_140' title='bbox 343 1285 451 1334; x_wconf 92' lang='lat' dir='ltr'><strong>quod</strong></span> <span class='ocrx_word' id='word_1_141' title='bbox 465 1298 630 1322; x_wconf 89' lang='lat' dir='ltr'><strong>vacuum</strong></span> <span class='ocrx_word' id='word_1_142' title='bbox 647 1285 696 1322; x_wconf 88' lang='lat' dir='ltr'><strong>ab</strong></span> <span class='ocrx_word' id='word_1_143' title='bbox 718 1283 988 1322; x_wconf 83' lang='lat' dir='ltr'><strong>defensoribus</strong></span> <span class='ocrx_word' id='word_1_144' title='bbox 1003 1297 1087 1321; x_wconf 84' lang='lat' dir='ltr'><strong>esse</strong></span> <span class='ocrx_word' id='word_1_145' title='bbox 1108 1283 1304 1329; x_wconf 89' lang='lat' dir='ltr'><strong>audiebat,</strong></span> <span class='ocrx_word' id='word_1_146' title='bbox 1322 1291 1479 1333; x_wconf 90' lang='lat' dir='ltr'><strong>propter</strong></span> 
     </span>
     <span class='ocr_line' id='line_1_22' title="bbox 149 1347 1480 1398; baseline -0.002 -11"><span class='ocrx_word' id='word_1_147' title='bbox 149 1349 392 1388; x_wconf 85' lang='lat' dir='ltr'><strong>latitudinem</strong></span> <span class='ocrx_word' id='word_1_148' title='bbox 424 1350 549 1387; x_wconf 88' lang='lat' dir='ltr'><strong>fossae</strong></span> <span class='ocrx_word' id='word_1_149' title='bbox 579 1348 757 1398; x_wconf 90' lang='lat' dir='ltr'><strong>murique</strong></span> <span class='ocrx_word' id='word_1_150' title='bbox 785 1347 1044 1394; x_wconf 85' lang='lat' dir='ltr'><strong>altitudinem,</strong></span> <span class='ocrx_word' id='word_1_151' title='bbox 1076 1347 1210 1397; x_wconf 89' lang='lat' dir='ltr'><strong>paucis</strong></span> <span class='ocrx_word' id='word_1_152' title='bbox 1239 1347 1480 1385; x_wconf 82' lang='lat' dir='ltr'><strong>defendenti—</strong></span> 
     </span>
     <span class='ocr_line' id='line_1_23' title="bbox 149 1412 1517 1464; baseline -0.002 -12"><span class='ocrx_word' id='word_1_153' title='bbox 149 1415 233 1461; x_wconf 87' lang='lat' dir='ltr'><strong>bus,</strong></span> <span class='ocrx_word' id='word_1_154' title='bbox 264 1427 484 1464; x_wconf 82' lang='lat' dir='ltr'><strong>expugnare</strong></span> <span class='ocrx_word' id='word_1_155' title='bbox 514 1427 593 1451; x_wconf 92' lang='lat' dir='ltr'><strong>non</strong></span> <span class='ocrx_word' id='word_1_156' title='bbox 628 1413 765 1463; x_wconf 86' lang='lat' dir='ltr'><strong>potuit.</strong></span> <span class='ocrx_word' id='word_1_157' title='bbox 826 1413 970 1452; x_wconf 86' lang='lat' dir='ltr'><strong>Castris</strong></span> <span class='ocrx_word' id='word_1_158' title='bbox 1002 1412 1172 1459; x_wconf 89' lang='lat' dir='ltr'><strong>munitis,</strong></span> <span class='ocrx_word' id='word_1_159' title='bbox 1205 1412 1336 1450; x_wconf 83' lang='lat' dir='ltr'><strong>vineas</strong></span> <span class='ocrx_word' id='word_1_160' title='bbox 1366 1425 1478 1461; x_wconf 82' lang='lat' dir='ltr'><strong>agere</strong></span> <span class='ocrx_word' id='word_1_161' title='bbox 1501 1430 1517 1459; x_wconf 55' lang='grc' dir='ltr'><strong>ρ,</strong></span> 
     </span>
     <span class='ocr_line' id='line_1_24' title="bbox 149 1476 1474 1528; baseline -0.002 -12"><span class='ocrx_word' id='word_1_162' title='bbox 149 1492 328 1528; x_wconf 88' lang='lat' dir='ltr'><strong>quaeque</strong></span> <span class='ocrx_word' id='word_1_163' title='bbox 362 1479 411 1516; x_wconf 90' lang='lat' dir='ltr'><strong>ad</strong></span> <span class='ocrx_word' id='word_1_164' title='bbox 447 1479 756 1528; x_wconf 85' lang='lat' dir='ltr'><strong>oppugnandum</strong></span> <span class='ocrx_word' id='word_1_165' title='bbox 797 1477 883 1515; x_wconf 90' lang='lat' dir='ltr'><strong>usui</strong></span> <span class='ocrx_word' id='word_1_166' title='bbox 922 1484 1030 1515; x_wconf 87' lang='lat' dir='ltr'><strong>erant</strong></span> <span class='ocrx_word' id='word_1_167' title='bbox 1069 1489 1295 1526; x_wconf 86' lang='lat' dir='ltr'><strong>comparare</strong></span> <span class='ocrx_word' id='word_1_168' title='bbox 1336 1476 1474 1526; x_wconf 87' lang='lat' dir='ltr'><strong>coepit.</strong></span> 
     </span>
     <span class='ocr_line' id='line_1_25' title="bbox 151 1540 1517 1592; baseline -0.002 -12"><span class='ocrx_word' id='word_1_169' title='bbox 151 1543 311 1581; x_wconf 88' lang='lat' dir='ltr'><strong>Interim</strong></span> <span class='ocrx_word' id='word_1_170' title='bbox 342 1542 470 1580; x_wconf 88' lang='lat' dir='ltr'><strong>omnis</strong></span> <span class='ocrx_word' id='word_1_171' title='bbox 501 1556 546 1580; x_wconf 84' lang='lat' dir='ltr'><strong>ex</strong></span> <span class='ocrx_word' id='word_1_172' title='bbox 576 1544 664 1592; x_wconf 80' lang='lat' dir='ltr'><strong>fuga</strong></span> <span class='ocrx_word' id='word_1_173' title='bbox 693 1541 947 1580; x_wconf 83' lang='lat' dir='ltr'><strong>Suessionum</strong></span> <span class='ocrx_word' id='word_1_174' title='bbox 978 1540 1188 1579; x_wconf 87' lang='lat' dir='ltr'><strong>multitudo</strong></span> <span class='ocrx_word' id='word_1_175' title='bbox 1218 1540 1257 1577; x_wconf 92' lang='lat' dir='ltr'><strong>in</strong></span> <span class='ocrx_word' id='word_1_176' title='bbox 1288 1540 1477 1590; x_wconf 89' lang='lat' dir='ltr'><strong>oppidum</strong></span> <span class='ocrx_word' id='word_1_177' title='bbox 1498 1559 1517 1587; x_wconf 87' lang='lat'><strong>4</strong></span> 
     </span>
     <span class='ocr_line' id='line_1_26' title="bbox 148 1605 1515 1657; baseline -0.002 -12"><span class='ocrx_word' id='word_1_178' title='bbox 148 1607 323 1657; x_wconf 84' lang='lat' dir='ltr'><strong>proxima</strong></span> <span class='ocrx_word' id='word_1_179' title='bbox 343 1616 458 1645; x_wconf 87' lang='lat' dir='ltr'><strong>nocte</strong></span> <span class='ocrx_word' id='word_1_180' title='bbox 480 1607 672 1645; x_wconf 88' lang='lat' dir='ltr'><strong>convenit.</strong></span> <span class='ocrx_word' id='word_1_181' title='bbox 733 1606 919 1645; x_wconf 86' lang='lat' dir='ltr'><strong>Celeriter</strong></span> <span class='ocrx_word' id='word_1_182' title='bbox 946 1605 1067 1644; x_wconf 82' lang='lat' dir='ltr'><strong>vineis</strong></span> <span class='ocrx_word' id='word_1_183' title='bbox 1088 1607 1139 1644; x_wconf 88' lang='lat' dir='ltr'><strong>ad</strong></span> <span class='ocrx_word' id='word_1_184' title='bbox 1159 1605 1349 1655; x_wconf 86' lang='lat' dir='ltr'><strong>oppidum</strong></span> <span class='ocrx_word' id='word_1_185' title='bbox 1370 1605 1476 1652; x_wconf 83' lang='lat' dir='ltr'><strong>actis,</strong></span> <span class='ocrx_word' id='word_1_186' title='bbox 1499 1621 1515 1650; x_wconf 84' lang='lat'>5</span> 
     </span>
     <span class='ocr_line' id='line_1_27' title="bbox 149 1669 1477 1721; baseline -0.002 -12"><span class='ocrx_word' id='word_1_187' title='bbox 149 1685 285 1721; x_wconf 83' lang='lat' dir='ltr'><strong>aggere</strong></span> <span class='ocrx_word' id='word_1_188' title='bbox 317 1671 418 1709; x_wconf 89' lang='lat' dir='ltr'><strong>iacto</strong></span> <span class='ocrx_word' id='word_1_189' title='bbox 454 1670 700 1720; x_wconf 89' lang='lat' dir='ltr'><strong>turribusque</strong></span> <span class='ocrx_word' id='word_1_190' title='bbox 733 1670 963 1717; x_wconf 88' lang='lat' dir='ltr'><strong>constitutis,</strong></span> <span class='ocrx_word' id='word_1_191' title='bbox 996 1669 1264 1719; x_wconf 86' lang='lat' dir='ltr'><strong>magnitudine</strong></span> <span class='ocrx_word' id='word_1_192' title='bbox 1303 1683 1477 1719; x_wconf 88' lang='lat' dir='ltr'><strong>operum,</strong></span> 
     </span>
     <span class='ocr_line' id='line_1_28' title="bbox 150 1733 1480 1785; baseline -0.001 -12"><span class='ocrx_word' id='word_1_193' title='bbox 150 1749 250 1785; x_wconf 87' lang='lat' dir='ltr'><strong>quae</strong></span> <span class='ocrx_word' id='word_1_194' title='bbox 275 1749 403 1785; x_wconf 89' lang='lat' dir='ltr'><strong>neque</strong></span> <span class='ocrx_word' id='word_1_195' title='bbox 424 1735 599 1773; x_wconf 88' lang='lat' dir='ltr'><strong>viderant</strong></span> <span class='ocrx_word' id='word_1_196' title='bbox 619 1742 710 1773; x_wconf 85' lang='lat' dir='ltr'><strong>ante</strong></span> <span class='ocrx_word' id='word_1_197' title='bbox 727 1734 828 1773; x_wconf 84' lang='lat' dir='ltr'><strong>Galli</strong></span> <span class='ocrx_word' id='word_1_198' title='bbox 845 1748 973 1784; x_wconf 91' lang='lat' dir='ltr'><strong>neque</strong></span> <span class='ocrx_word' id='word_1_199' title='bbox 990 1734 1203 1780; x_wconf 89' lang='lat' dir='ltr'><strong>audierant,</strong></span> <span class='ocrx_word' id='word_1_200' title='bbox 1227 1742 1264 1772; x_wconf 90' lang='lat' dir='ltr'><strong>et</strong></span> <span class='ocrx_word' id='word_1_201' title='bbox 1285 1733 1480 1772; x_wconf 85' lang='lat' dir='ltr'><strong>celeritate</strong></span> 
     </span>
    </p>
   </div>
   <div class='ocr_carea' id='block_1_10' title="bbox 114 1798 1480 1850">
    <p class='ocr_par' dir='ltr' id='par_1_11' title="bbox 114 1798 1480 1850">
     <span class='ocr_line' id='line_1_29' title="bbox 114 1798 1480 1850; baseline -0.002 -12"><span class='ocrx_word' id='word_1_202' title='bbox 114 1811 128 1840; x_wconf 86' lang='grc'><strong>.”</strong></span> <span class='ocrx_word' id='word_1_203' title='bbox 153 1801 423 1838; x_wconf 86' lang='lat' dir='ltr'><strong>Romanorum</strong></span> <span class='ocrx_word' id='word_1_204' title='bbox 464 1799 629 1850; x_wconf 90' lang='lat' dir='ltr'><strong>permoti</strong></span> <span class='ocrx_word' id='word_1_205' title='bbox 671 1801 816 1849; x_wconf 85' lang='lat' dir='ltr'><strong>legatos</strong></span> <span class='ocrx_word' id='word_1_206' title='bbox 859 1800 911 1837; x_wconf 93' lang='lat' dir='ltr'><strong>ad</strong></span> <span class='ocrx_word' id='word_1_207' title='bbox 948 1800 1155 1837; x_wconf 87' lang='lat' dir='ltr'><strong>Caesarem</strong></span> <span class='ocrx_word' id='word_1_208' title='bbox 1191 1799 1240 1836; x_wconf 90' lang='lat' dir='ltr'><strong>de</strong></span> <span class='ocrx_word' id='word_1_209' title='bbox 1279 1798 1480 1836; x_wconf 87' lang='lat' dir='ltr'><strong>deditione</strong></span> 
     </span>
    </p>
   </div>
   <div class='ocr_carea' id='block_1_11' title="bbox 152 1862 1543 2431">
    <p class='ocr_par' dir='ltr' id='par_1_12' title="bbox 152 1862 1543 2431">
     <span class='ocr_line' id='line_1_30' title="bbox 152 1862 1413 1914; baseline -0.003 -11"><span class='ocrx_word' id='word_1_210' title='bbox 152 1864 309 1902; x_wconf 87' lang='lat' dir='ltr'><strong>mittunt</strong></span> <span class='ocrx_word' id='word_1_211' title='bbox 331 1873 368 1903; x_wconf 90' lang='lat' dir='ltr'><strong>et</strong></span> <span class='ocrx_word' id='word_1_212' title='bbox 389 1864 612 1914; x_wconf 88' lang='lat' dir='ltr'><strong>petentibus</strong></span> <span class='ocrx_word' id='word_1_213' title='bbox 635 1863 770 1902; x_wconf 87' lang='lat' dir='ltr'><strong>Remis</strong></span> <span class='ocrx_word' id='word_1_214' title='bbox 793 1871 834 1901; x_wconf 91' lang='lat' dir='ltr'><strong>ut</strong></span> <span class='ocrx_word' id='word_1_215' title='bbox 855 1870 1174 1901; x_wconf 84' lang='lat' dir='ltr'><strong>conservarentur</strong></span> <span class='ocrx_word' id='word_1_216' title='bbox 1195 1862 1413 1912; x_wconf 86' lang='lat' dir='ltr'><strong>impetrant.</strong></span> 
     </span>
     <span class='ocr_line' id='line_1_31' title="bbox 207 1927 1543 1978; baseline 0.001 -11"><span class='ocrx_word' id='word_1_217' title='bbox 207 1930 359 1975; x_wconf 89' lang='lat' dir='ltr'><strong>Caesar,</strong></span> <span class='ocrx_word' id='word_1_218' title='bbox 393 1929 596 1967; x_wconf 86' lang='lat' dir='ltr'><strong>obsidibus</strong></span> <span class='ocrx_word' id='word_1_219' title='bbox 635 1928 805 1978; x_wconf 84' lang='lat' dir='ltr'><strong>acceptis</strong></span> <span class='ocrx_word' id='word_1_220' title='bbox 836 1927 968 1978; x_wconf 87' lang='lat' dir='ltr'><strong>primis</strong></span> <span class='ocrx_word' id='word_1_221' title='bbox 1009 1927 1172 1965; x_wconf 86' lang='lat' dir='ltr'><strong>civitatis</strong></span> <span class='ocrx_word' id='word_1_222' title='bbox 1213 1936 1330 1977; x_wconf 88' lang='lat' dir='ltr'><strong>atque</strong></span> <span class='ocrx_word' id='word_1_223' title='bbox 1361 1928 1480 1977; x_wconf 87' lang='lat' dir='ltr'><strong>ipsius</strong></span> <span class='ocrx_word' id='word_1_224' title='bbox 1501 1940 1543 1977; x_wconf 89' lang='lat'><strong>13</strong></span> 
     </span>
     <span class='ocr_line' id='line_1_32' title="bbox 153 1992 1479 2043; baseline 0 -12"><span class='ocrx_word' id='word_1_225' title='bbox 153 1995 302 2032; x_wconf 84' lang='lat' dir='ltr'><strong>Galbae</strong></span> <span class='ocrx_word' id='word_1_226' title='bbox 342 1994 438 2043; x_wconf 85' lang='lat' dir='ltr'><strong>regis</strong></span> <span class='ocrx_word' id='word_1_227' title='bbox 478 1994 633 2032; x_wconf 88' lang='lat' dir='ltr'><strong>duobus</strong></span> <span class='ocrx_word' id='word_1_228' title='bbox 673 1993 759 2031; x_wconf 88' lang='lat' dir='ltr'><strong>filiis</strong></span> <span class='ocrx_word' id='word_1_229' title='bbox 799 1992 993 2042; x_wconf 87' lang='lat' dir='ltr'><strong>armisque</strong></span> <span class='ocrx_word' id='word_1_230' title='bbox 1029 1992 1213 2031; x_wconf 87' lang='lat' dir='ltr'><strong>omnibus</strong></span> <span class='ocrx_word' id='word_1_231' title='bbox 1249 2005 1295 2030; x_wconf 81' lang='lat' dir='ltr'><strong>ex</strong></span> <span class='ocrx_word' id='word_1_232' title='bbox 1331 1992 1479 2042; x_wconf 89' lang='lat' dir='ltr'><strong>oppido</strong></span> 
     </span>
     <span class='ocr_line' id='line_1_33' title="bbox 152 2056 1479 2106; baseline -0.001 -11"><span class='ocrx_word' id='word_1_233' title='bbox 152 2057 310 2105; x_wconf 87' lang='lat' dir='ltr'><strong>traditis,</strong></span> <span class='ocrx_word' id='word_1_234' title='bbox 344 2058 382 2095; x_wconf 90' lang='lat' dir='ltr'><strong>in</strong></span> <span class='ocrx_word' id='word_1_235' title='bbox 408 2057 648 2096; x_wconf 86' lang='lat' dir='ltr'><strong>deditionem</strong></span> <span class='ocrx_word' id='word_1_236' title='bbox 678 2057 906 2096; x_wconf 86' lang='lat' dir='ltr'><strong>Suessiones</strong></span> <span class='ocrx_word' id='word_1_237' title='bbox 936 2056 1086 2106; x_wconf 85' lang='lat' dir='ltr'><strong>accepit</strong></span> <span class='ocrx_word' id='word_1_238' title='bbox 1118 2056 1409 2106; x_wconf 84' lang='lat' dir='ltr'><strong>exercitumque</strong></span> <span class='ocrx_word' id='word_1_239' title='bbox 1440 2056 1479 2094; x_wconf 88' lang='lat' dir='ltr'><strong>in</strong></span> 
     </span>
     <span class='ocr_line' id='line_1_34' title="bbox 154 2121 1515 2171; baseline 0 -11"><span class='ocrx_word' id='word_1_240' title='bbox 154 2124 383 2161; x_wconf 86' lang='lat' dir='ltr'><strong>Bellovacos</strong></span> <span class='ocrx_word' id='word_1_241' title='bbox 411 2122 528 2160; x_wconf 87' lang='lat' dir='ltr'><strong>ducit.</strong></span> <span class='ocrx_word' id='word_1_242' title='bbox 590 2122 668 2170; x_wconf 83' lang='lat' dir='ltr'><strong>Qui</strong></span> <span class='ocrx_word' id='word_1_243' title='bbox 696 2136 785 2160; x_wconf 91' lang='lat' dir='ltr'><strong>cum</strong></span> <span class='ocrx_word' id='word_1_244' title='bbox 811 2135 851 2160; x_wconf 90' lang='lat' dir='ltr'><strong>se</strong></span> <span class='ocrx_word' id='word_1_245' title='bbox 878 2135 1025 2171; x_wconf 89' lang='lat' dir='ltr'><strong>suaque</strong></span> <span class='ocrx_word' id='word_1_246' title='bbox 1056 2121 1188 2160; x_wconf 90' lang='lat' dir='ltr'><strong>omnia</strong></span> <span class='ocrx_word' id='word_1_247' title='bbox 1217 2121 1256 2158; x_wconf 91' lang='lat' dir='ltr'><strong>in</strong></span> <span class='ocrx_word' id='word_1_248' title='bbox 1287 2121 1478 2171; x_wconf 89' lang='lat' dir='ltr'><strong>oppidum</strong></span> <span class='ocrx_word' id='word_1_249' title='bbox 1501 2139 1515 2160; x_wconf 90' lang='lat'><em>2</em></span> 
     </span>
     <span class='ocr_line' id='line_1_35' title="bbox 154 2185 1480 2236; baseline 0 -12"><span class='ocrx_word' id='word_1_250' title='bbox 154 2186 469 2236; x_wconf 86' lang='lat' dir='ltr'><strong>Bratuspantium</strong></span> <span class='ocrx_word' id='word_1_251' title='bbox 516 2186 771 2224; x_wconf 86' lang='lat' dir='ltr'><strong>contulissent</strong></span> <span class='ocrx_word' id='word_1_252' title='bbox 805 2194 922 2236; x_wconf 87' lang='lat' dir='ltr'><strong>atque</strong></span> <span class='ocrx_word' id='word_1_253' title='bbox 960 2187 1009 2224; x_wconf 88' lang='lat' dir='ltr'><strong>ab</strong></span> <span class='ocrx_word' id='word_1_254' title='bbox 1049 2199 1096 2224; x_wconf 88' lang='lat' dir='ltr'><strong>eo</strong></span> <span class='ocrx_word' id='word_1_255' title='bbox 1142 2185 1291 2235; x_wconf 91' lang='lat' dir='ltr'><strong>oppido</strong></span> <span class='ocrx_word' id='word_1_256' title='bbox 1333 2186 1480 2224; x_wconf 82' lang='lat' dir='ltr'><strong>Caesar</strong></span> 
     </span>
     <span class='ocr_line' id='line_1_36' title="bbox 152 2251 1477 2301; baseline 0.001 -13"><span class='ocrx_word' id='word_1_257' title='bbox 152 2265 241 2289; x_wconf 89' lang='lat' dir='ltr'><strong>cum</strong></span> <span class='ocrx_word' id='word_1_258' title='bbox 264 2251 432 2289; x_wconf 76' lang='lat' dir='ltr'><strong>exercitu</strong></span> <span class='ocrx_word' id='word_1_259' title='bbox 454 2251 603 2289; x_wconf 87' lang='lat' dir='ltr'><strong>circiter</strong></span> <span class='ocrx_word' id='word_1_260' title='bbox 625 2251 728 2289; x_wconf 90' lang='lat' dir='ltr'><strong>milia</strong></span> <span class='ocrx_word' id='word_1_261' title='bbox 749 2264 933 2301; x_wconf 87' lang='lat' dir='ltr'><strong>passuum</strong></span> <span class='ocrx_word' id='word_1_262' title='bbox 956 2251 1130 2300; x_wconf 85' lang='lat' dir='ltr'><strong>quinque</strong></span> <span class='ocrx_word' id='word_1_263' title='bbox 1151 2251 1314 2298; x_wconf 86' lang='lat' dir='ltr'><strong>abesset,</strong></span> <span class='ocrx_word' id='word_1_264' title='bbox 1339 2264 1477 2289; x_wconf 89' lang='lat' dir='ltr'><strong>omnes</strong></span> 
     </span>
     <span class='ocr_line' id='line_1_37' title="bbox 154 2315 1476 2365; baseline 0 -11"><span class='ocrx_word' id='word_1_265' title='bbox 154 2316 317 2354; x_wconf 87' lang='lat' dir='ltr'><strong>maiores</strong></span> <span class='ocrx_word' id='word_1_266' title='bbox 348 2324 440 2353; x_wconf 85' lang='lat' dir='ltr'><strong>natu</strong></span> <span class='ocrx_word' id='word_1_267' title='bbox 471 2329 516 2353; x_wconf 82' lang='lat' dir='ltr'><strong>ex</strong></span> <span class='ocrx_word' id='word_1_268' title='bbox 549 2315 698 2365; x_wconf 90' lang='lat' dir='ltr'><strong>oppido</strong></span> <span class='ocrx_word' id='word_1_269' title='bbox 730 2315 871 2365; x_wconf 89' lang='lat' dir='ltr'><strong>egressi</strong></span> <span class='ocrx_word' id='word_1_270' title='bbox 907 2329 1044 2353; x_wconf 88' lang='lat' dir='ltr'><strong>manus</strong></span> <span class='ocrx_word' id='word_1_271' title='bbox 1076 2317 1126 2353; x_wconf 87' lang='lat' dir='ltr'><strong>ad</strong></span> <span class='ocrx_word' id='word_1_272' title='bbox 1157 2316 1364 2354; x_wconf 85' lang='lat' dir='ltr'><strong>Caesarem</strong></span> <span class='ocrx_word' id='word_1_273' title='bbox 1397 2324 1476 2354; x_wconf 87' lang='lat' dir='ltr'><strong>ten-</strong></span> 
     </span>
     <span class='ocr_line' id='line_1_38' title="bbox 154 2379 1476 2431; baseline -0.001 -13"><span class='ocrx_word' id='word_1_274' title='bbox 154 2381 245 2419; x_wconf 85' lang='lat' dir='ltr'><strong>dere</strong></span> <span class='ocrx_word' id='word_1_275' title='bbox 280 2389 316 2419; x_wconf 75' lang='lat' dir='ltr'><strong>et</strong></span> <span class='ocrx_word' id='word_1_276' title='bbox 356 2393 451 2418; x_wconf 79' lang='lat' dir='ltr'><strong>voce</strong></span> <span class='ocrx_word' id='word_1_277' title='bbox 491 2379 706 2431; x_wconf 85' lang='lat' dir='ltr'><strong>significare</strong></span> <span class='ocrx_word' id='word_1_278' title='bbox 745 2388 957 2431; x_wconf 82' lang='lat' dir='ltr'><strong>coeperunt</strong></span> <span class='ocrx_word' id='word_1_279' title='bbox 988 2393 1071 2418; x_wconf 77' lang='lat' dir='ltr'><strong>sese</strong></span> <span class='ocrx_word' id='word_1_280' title='bbox 1102 2379 1140 2417; x_wconf 87' lang='lat' dir='ltr'><strong>in</strong></span> <span class='ocrx_word' id='word_1_281' title='bbox 1171 2379 1252 2419; x_wconf 88' lang='lat' dir='ltr'><strong>eius</strong></span> <span class='ocrx_word' id='word_1_282' title='bbox 1283 2381 1400 2418; x_wconf 80' lang='lat' dir='ltr'><strong>fidem</strong></span> <span class='ocrx_word' id='word_1_283' title='bbox 1430 2394 1476 2418; x_wconf 84' lang='lat' dir='ltr'><strong>ac</strong></span> 
     </span>
    </p>
   </div>
  </div>
 </body>
</html>
