1768 2739
386 154 460 191 DE
492 153 671 191 BELLO
702 153 946 191 GALLICO
978 154 1078 190 LIB.
1113 153 1217 189 VIII

141 265 251 314 plura
270 262 416 314 oppida
436 263 634 309 haberent,
659 261 772 300 unius
794 261 955 311 legionis
976 261 1147 300 hibernis
1168 275 1247 300 non
1269 262 1465 312 potuerint

140 328 330 366 contineri
351 327 444 378 quin
465 328 611 366 bellum
632 334 809 377 pararent
830 326 1197 376 coniurationesque
1217 328 1397 365 facerent.

193 392 418 442 Repentino
447 392 619 430 adventu
649 390 825 429 Caesaris
855 390 1008 437 accidit,
1031 392 1138 440 quod
1165 391 1361 441 imparatis
1391 391 1464 430 dis·
1482 393 1505 428 3

137 456 326 506 iectisque
364 455 541 494 accidere
579 454 652 492 fuit
688 467 859 501 necesse,
896 462 937 492 ut
969 455 1051 492 sine
1085 455 1223 493 timore
1261 457 1340 493 ullo
1379 469 1465 494 rura

99 532 115 562 5
136 522 309 559 colentes
329 520 433 570 prius
453 520 503 558 ab
524 519 699 568 equitatu
720 518 1030 569 opprimerentur
1050 532 1167 569 quam
1195 521 1404 569 confugere
1424 520 1464 558 in

136 584 281 634 oppida
301 591 470 634 possent.
531 584 715 633 Namque
749 583 867 621 etiam
905 583 1001 621 illud
1038 585 1193 633 vulgare
1232 584 1463 623 incursionis
1486 596 1499 615 2

136 648 308 686 hostium
329 647 493 698 signum,
516 649 625 697 quod
655 647 846 686 incendiis
875 648 1143 686 aedificiorum
1173 648 1345 698 intellegi
1375 662 1464 687 con-

135 712 268 759 suevit,
293 712 468 752 Caesaris
489 720 569 750 erat
589 712 798 750 interdicto
819 712 1026 759 sublatum,
1046 727 1095 751 ne
1115 721 1181 751 aut
1197 713 1310 763 copia
1330 713 1463 764 pabuli

134 777 407 827 frumentique,
430 776 461 814 si
481 777 634 827 longius
655 777 834 827 progredi
850 778 976 824 vellet,
995 778 1225 816 deficeretur
1243 786 1311 816 aut
1330 779 1462 818 hostes

78 855 117 877 10
134 841 324 880 incendiis
346 848 586 879 terrerentur.
647 841 784 879 Multis
814 841 1019 879 hominum
1050 842 1206 880 milibus
1234 843 1355 892 captis
1382 857 1463 893 per-
1483 857 1499 886 3

134 905 252 943 territi
285 905 475 955 Bituriges
507 905 573 955 qui
604 905 773 955 primum
807 907 1021 944 adventurn
1055 914 1261 957 potuerant
1295 909 1463 957 effugere

135 971 405 1007 Romanorum
426 969 465 1007 in
482 969 665 1007 finitimas
681 969 855 1008 civitates
871 978 937 1009 aut
953 971 1109 1021 privatis
1131 971 1307 1022 hospitiis
1324 973 1462 1011 confisi

132 1040 199 1071 aut
218 1033 403 1072 societate
423 1033 674 1072 consiliorum
691 1036 955 1085 confugerant.
998 1038 1175 1075 Frustra:
1206 1050 1296 1074 nam
1319 1038 1462 1076 Caesar
1479 1051 1498 1081 4

133 1097 282 1147 magnis
314 1097 514 1136 itineribus
541 1098 724 1137 omnibus
746 1099 840 1137 locis
861 1100 1027 1138 occurrit
1048 1114 1121 1139 nec
1142 1102 1208 1139 dat
1229 1101 1295 1139 ulli
1317 1101 1461 1140 civitati

76 1176 111 1207 15
132 1162 300 1212 spatium
330 1164 380 1201 de
408 1162 534 1201 aliena
564 1162 693 1213 potius
725 1177 843 1213 quam
878 1165 927 1203 de
959 1165 1175 1204 domestica
1206 1167 1329 1204 salute
1362 1167 1463 1217 cogi-

132 1226 240 1265 tandi
255 1242 265 1275 ,-
295 1240 372 1277 qua
392 1227 587 1265 celeritate
608 1236 646 1266 et
667 1229 791 1267 fidelis
812 1229 959 1267 amicos
976 1229 1166 1268 retinebat
1187 1238 1225 1268 et
1246 1231 1460 1269 dubitantis

130 1298 274 1330 terrore
307 1293 357 1330 ad
391 1292 644 1330 condiciones
679 1293 784 1343 pacis
817 1294 1050 1332 adducebat.
1109 1295 1196 1332 Tali
1226 1295 1460 1334 condicione
1480 1313 1497 1343 5

130 1356 329 1407 proposita
364 1357 564 1407 Bituriges,
599 1371 689 1396 cum
721 1358 794 1397 sibi
828 1358 1004 1398 viderent
1042 1360 1250 1399 clementia
1284 1362 1460 1400 Caesaris

130 1423 298 1462 reditum
319 1430 450 1473 patere
471 1422 510 1460 in
531 1422 613 1461 eius
639 1423 851 1462 amicitiam
881 1424 1144 1475 finitimasque
1173 1425 1346 1464 civitates
1377 1426 1460 1465 sine

72 1502 112 1523 20
130 1489 208 1525 ulla
236 1501 365 1538 poena
393 1486 549 1526 dedisse
580 1487 738 1527 obsides
775 1496 894 1539 atque
928 1489 966 1526 in
1002 1490 1121 1528 fidem
1155 1498 1330 1541 receptas
1362 1504 1457 1538 esse,

130 1552 235 1591 idem
256 1554 440 1590 fecerunt.

184 1617 328 1656 Caesar
348 1616 536 1654 militibus
556 1629 626 1666 pro
647 1624 756 1655 tanto
776 1618 908 1656 labore
934 1631 980 1656 ac
1000 1618 1196 1668 patientia,
1220 1619 1286 1668 qui
1306 1619 1458 1658 bruma·
1475 1633 1501 1671 4

129 1681 231 1719 libus
266 1681 415 1728 diebus
450 1680 652 1719 itineribus
684 1681 931 1729 difficillimis,
967 1682 1171 1732 frigoribus
1205 1682 1458 1722 intolerandis

131 1745 415 1784 studiosissime
452 1754 744 1795 permanserant
783 1746 823 1784 in
854 1747 996 1794 labore,
1033 1748 1208 1785 ducenos
1249 1747 1456 1795 sestertios,

71 1827 109 1858 25
130 1810 424 1849 centurionibus
455 1814 561 1851 †tot†
592 1810 698 1848 milia
726 1824 945 1858 nummum,
988 1812 1155 1861 praedae
1179 1812 1339 1850 nomine
1368 1825 1458 1850 con-

129 1876 276 1913 donata
302 1875 517 1924 pollicetur,
540 1875 838 1926 legionibusque
868 1876 907 1913 in
934 1876 1097 1914 hiberna
1123 1875 1292 1915 remissis
1313 1876 1395 1926 ipse
1416 1891 1458 1916 se

129 1939 264 1989 recipit
285 1938 349 1977 die
376 1951 506 1977 XXXX.
538 1939 728 1979 Bibracte.
790 1939 852 1978 Ibi
879 1954 969 1978 cum
997 1940 1055 1978 ius
1083 1940 1240 1987 diceret,
1265 1941 1456 1991 Bituriges
1477 1960 1490 1981 2

127 2004 179 2041 ad
199 2016 289 2041 eum
309 2004 456 2053 legatos
484 2003 642 2042 mittunt
671 2004 856 2043 auxilium
886 2005 1051 2055 petitum
1086 2013 1220 2044 contra
1252 2008 1454 2053 Carnutes,

128 2080 227 2116 quos
241 2066 416 2105 intulisse
436 2068 582 2106 bellurn
604 2068 677 2107 sibi
701 2070 972 2119 querebantur.
1006 2071 1096 2118 Qua
1116 2083 1156 2108 re
1177 2070 1341 2119 cognita,
1365 2083 1455 2108 cum
1477 2089 1493 2118 3

69 2149 110 2179 30
127 2131 210 2170 dies
232 2144 312 2170 non
327 2132 493 2182 amplius
510 2145 537 2170 x
559 2141 597 2171 et
613 2145 686 2171 vm
708 2134 747 2171 in
768 2134 940 2173 hibernis
962 2142 1062 2173 esset
1083 2142 1266 2181 moratus,
1284 2134 1456 2185 legiones

127 2208 234 2234 XIIII.
265 2203 302 2234 et
323 2203 470 2235 sextam
498 2210 543 2235 ex
570 2197 742 2236 hibernis
768 2199 818 2237 ab
840 2201 959 2237 Arare
980 2199 1123 2246 educit,
1147 2212 1243 2249 quas
1265 2199 1317 2237 ibi
1339 2201 1456 2238 collo-

175 2309 186 2329 1
214 2300 386 2339 potuerint
411 2300 501 2332 AB:
540 2306 723 2341 potuerunt
754 2302 846 2332 MR:
883 2308 1065 2342 potuerant
1082 2306 1105 2338 β
1261 2314 1280 2342 3
1304 2304 1456 2336 disiectis

130 2343 353 2374 Vascosmms:
372 2344 512 2375 deiectis
530 2344 567 2374 X
711 2356 751 2385 25
770 2347 836 2387 tot]
854 2356 902 2376 111„
919 2347 1055 2377 Kraner
1186 2348 1453 2379 condonaturum

132 2386 296 2418 Vt'ellmber
382 2398 421 2427 27
448 2389 576 2427 recepit
594 2387 658 2420 B‘fi
793 2399 896 2420 xxxx.
917 2389 1018 2420 A‘B:
1046 2399 1136 2421 -xxx-
1155 2390 1223 2420 RB
1237 2401 1315 2422 corr.
