1768 2739
141 501 157 531 5

118 824 157 846 10

115 1471 152 1492 20

111 2118 150 2148 30

450 119 525 155 DE
556 118 736 155 BELLO
766 118 1010 156 GALLICO
1041 119 1142 156 LIB.
1178 120 1233 156 IV

180 225 351 265 amicitia
370 226 506 276 populi
524 226 696 265 Romani
717 225 789 264 tuti
810 239 894 264 esse
914 227 1074 276 possint.
1129 227 1299 267 Navium
1317 242 1498 278 magnam
1519 241 1536 269 8

179 290 333 341 copiam
354 292 404 329 ad
425 291 768 341 transportandum
789 290 998 329 exercitum
1020 291 1315 341 pollicebantur.

232 357 376 395 Caesar
401 355 461 393 his
488 356 539 394 de
562 354 688 393 causis
718 368 815 405 quas
842 357 1147 394 commemoravi
1170 359 1355 396 Rhenum
1382 366 1499 396 trans-
1519 366 1559 405 17

178 419 232 458 ire
259 421 492 467 decreverat,
525 420 595 458 sed
619 419 783 458 navibus
811 419 971 458 transire
1000 434 1129 470 neque
1153 420 1244 458 satis
1266 429 1393 459 tutum
1415 436 1499 460 esse

176 484 435 523 arbitrabatur
472 497 601 534 neque
639 497 732 522 suae
764 498 894 534 neque
925 484 1061 535 populi
1094 485 1266 523 Romani
1301 486 1499 535 dignitatis

177 562 262 588 esse
281 549 486 587 statuebat.
524 550 675 598 Itaque,
691 548 762 587 etsi
778 562 932 587 summa
951 549 1158 588 difficultas
1179 549 1349 588 faciendi
1369 550 1500 599 pontis
1523 566 1536 586 2

176 613 471 664 proponebatur
489 621 648 664 propter
674 613 933 661 latitudinem,
957 613 1215 663 rapiditatem,
1237 614 1500 652 altitudinem-

176 691 254 728 que
283 676 466 724 fluminis,
496 685 628 716 tamen
659 677 699 717 id
729 677 803 716 sibi
833 679 1157 716 contendendum
1185 685 1251 716 aut
1280 678 1390 716 aliter
1420 693 1499 717 non
1535 705 1539 708 -

175 743 462 781 traducendum
483 741 696 780 exercitum
717 741 971 780 existimabat.
1014 742 1226 780 Rationem
1246 742 1377 793 pontis
1398 744 1500 781 hanc

175 806 350 846 instituit.
385 807 512 858 Tigna
528 807 621 845 bina
636 807 923 857 sesquipedalia
938 808 1099 857 paulum
1115 808 1166 846 ab
1183 807 1262 845 imo
1278 816 1497 857 praeacuta,
1521 823 1538 853 3

175 871 354 911 dimensa
379 872 430 909 ad
456 870 705 910 altitudinem
732 871 914 918 fluminis,
938 871 1140 910 intervallo
1161 872 1308 921 pedum
1330 873 1497 910 duorum

174 936 274 975 inter
298 950 339 975 se
364 936 559 986 iungebat.
621 938 735 974 Haec
759 950 849 975 cum
875 936 1232 975 machinationibus
1262 936 1436 974 immissa
1460 936 1498 974 in
1519 952 1537 980 4

174 1003 321 1040 flumen
355 1002 541 1040 defixerat
572 1001 799 1051 fistucisque
836 1002 1030 1052 adegerat,
1062 1015 1143 1040 non
1175 1001 1347 1040 sublicae
1379 1003 1499 1039 modo

174 1068 330 1105 derecte
350 1067 401 1104 ad
422 1065 745 1116 perpendiculum
772 1067 841 1104 sed
867 1080 988 1116 prone
1019 1079 1065 1104 ac
1092 1066 1279 1115 fastigate‚
1303 1073 1344 1104 ut
1365 1079 1499 1104 secun-

173 1132 269 1170 dum
286 1139 463 1169 naturam
484 1130 655 1168 fluminis
677 1131 990 1180 procumberent,
1013 1130 1067 1169 eis
1089 1130 1180 1169 item
1203 1130 1394 1169 contraria
1419 1131 1498 1168 duo
1519 1142 1535 1172 5

172 1197 224 1234 ad
250 1196 422 1234 eundem
449 1196 613 1233 modum
641 1194 773 1233 iuncta
800 1195 1002 1233 intervallo
1028 1196 1175 1245 pedum
1203 1196 1497 1244 quadragenum

173 1260 223 1298 ab
247 1260 427 1299 inferiore
455 1267 563 1309 parte
593 1267 728 1298 contra
751 1259 827 1297 vim
853 1267 971 1309 atque
996 1259 1186 1309 impetum
1213 1259 1384 1297 fluminis
1409 1272 1498 1297 con—

172 1338 281 1363 versa
300 1325 505 1363 statuebat.
555 1326 668 1362 Haec
691 1332 854 1374 utraque
876 1324 1033 1374 insuper
1053 1323 1301 1373 bipedalibus
1323 1323 1497 1361 trabibus
1518 1332 1536 1363 6

172 1390 364 1437 immissis,
389 1396 580 1439 quantum
606 1402 741 1427 eorum
768 1391 962 1439 tignorum
989 1388 1167 1426 iunctura
1191 1388 1372 1434 distabat,
1395 1387 1497 1425 binis

171 1455 367 1504 utrimque
406 1454 535 1492 fibulis
568 1455 619 1492 ab
654 1462 825 1492 extrema
859 1460 967 1503 parte
1001 1453 1288 1492 distinebantur
1306 1467 1316 1500 ,·
1354 1452 1496 1502 quibus
1521 1469 1536 1500 7

172 1519 350 1557 disclusis
382 1526 500 1568 atque
531 1519 569 1556 in
607 1519 839 1557 contrariam
872 1526 1021 1567 partem
1056 1517 1248 1564 revinctis,
1281 1524 1388 1555 tanta
1418 1524 1497 1555 erat

172 1583 299 1633 operis
326 1583 525 1621 firmitudo
546 1591 664 1633 atque
695 1597 740 1621 ea
771 1596 898 1621 rerum
928 1590 1065 1621 natura
1095 1590 1147 1629 ut,
1180 1595 1259 1632 quo
1292 1582 1415 1620 maior
1441 1581 1496 1619 vis

170 1662 296 1699 aquae
322 1662 363 1687 se
389 1648 636 1695 incitavisset,
661 1649 737 1686 hoc
767 1647 884 1685 artius
909 1647 1067 1697 inligata
1088 1655 1320 1685 tenerentur.
1382 1648 1496 1684 Haec
1516 1653 1533 1683 S

171 1714 328 1751 derecta
361 1712 521 1751 materia
554 1712 698 1750 iniecta
742 1712 1050 1751 contexebantur
1083 1725 1129 1749 ac
1164 1711 1349 1761 longuriis
1388 1711 1497 1749 crati-

171 1778 324 1828 busque
362 1777 737 1824 consternebantur3
775 1789 821 1814 ac
855 1775 978 1814 nihilo
1013 1775 1131 1814 setius
1166 1775 1339 1814 sublicae
1373 1782 1411 1813 et
1444 1776 1495 1813 ad
1512 1790 1533 1821 9

169 1842 391 1881 inferiorem
429 1849 578 1892 partem
619 1841 790 1880 fluminis
830 1840 991 1891 oblique
1024 1841 1249 1890 agebantur,
1285 1853 1386 1890 quae
1424 1853 1494 1889 pro

168 1907 287 1945 ariete
307 1906 506 1945 subiectae
527 1914 564 1945 et
585 1919 675 1945 cum
700 1905 808 1945 omni
830 1919 947 1956 opere
969 1905 1203 1944 coniunctae
1223 1904 1301 1943 vim
1323 1904 1495 1942 fluminis

168 1971 401 2021 exciperent,
431 1978 468 2009 et
491 1970 589 2024 aliae
618 1971 711 2010 item
739 1984 855 2021 supra
881 1978 1044 2021 pontem
1081 1969 1269 2008 mediocri
1294 1969 1420 2019 spatio
1441 1976 1493 2016 ut,
1518 1987 1558 2008 10

168 2035 200 2073 si
225 2036 408 2074 arborum
436 2036 562 2074 trunci
590 2036 670 2075 sive
698 2050 814 2075 naves
843 2035 1040 2074 deiciendi
1066 2034 1193 2085 operis
1222 2041 1351 2072 essent
1371 2047 1394 2071 a
1415 2033 1496 2071 bar-

169 2100 270 2138 baris
295 2100 446 2147 missae,
470 2100 529 2138 his
561 2101 832 2140 defensoribus
861 2114 995 2139 earum
1027 2113 1153 2138 rerum
1179 2098 1235 2136 vis
1257 2098 1495 2136 minueretur

168 2179 243 2204 neu
269 2166 379 2215 ponti
406 2174 601 2205 nocerent.

223 2231 373 2270 Diebus
407 2233 557 2278 decem,
590 2231 732 2282 quibus
767 2230 927 2269 materia
961 2237 1100 2279 coepta
1132 2236 1211 2267 erat
1244 2227 1490 2277 comportari,
1512 2224 1554 2262 18

167 2296 275 2334 omni
297 2310 415 2346 opere
436 2298 586 2343 effecto,
610 2296 798 2335 exercitus
821 2294 1042 2333 traducitur.
1105 2295 1259 2339 Caesar,
1282 2294 1332 2332 ad
1354 2300 1492 2331 utram-
1515 2309 1528 2328 2

167 2374 244 2411 que
274 2369 423 2411 partem
453 2360 583 2410 pontis
614 2361 725 2399 firmo
755 2359 949 2410 praesidio
979 2358 1124 2404 relicto,
1148 2357 1186 2395 in
1218 2356 1304 2395 finis
1334 2359 1492 2405 Sugam-
