1768 2739
619 149 661 183 (ᾗ
701 146 811 182 IVLI
845 145 1113 181 CAESARIS

203 261 369 300 militum
400 266 620 297 nostrorum
653 258 842 307 impetum
874 269 952 294 non
984 257 1154 294 tulerunt
1185 268 1350 304 seseque
1380 255 1454 293 alia
1483 268 1529 293 ex

164 334 310 376 6parte
358 324 494 375 oppidi
543 323 750 361 eiecerunt.
830 323 999 371 Magnus
1048 321 1100 358 ibi
1145 333 1330 358 numerus
1377 318 1529 370 pecoris

202 399 387 441 repertus,
438 389 629 439 multique
686 388 725 426 in
782 389 873 437 fuga
929 394 1019 425 sunt
1076 384 1351 435 comprehensi
1411 391 1530 434 atque

202 456 406 495 interfecti.

131 532 182 560 22
249 523 355 559 Dum
370 522 467 558 haec
480 520 519 557 in
536 519 591 557 eis
608 519 703 557 locis
719 525 915 568 geruntur,
931 517 1248 556 Cassivellaunus
1263 516 1314 554 ad
1331 514 1529 560 Cantium,
1551 522 1568 554 5

203 587 312 637 quod
333 599 418 624 esse
437 586 489 623 ad
509 597 616 622 mare
632 596 749 633 supra
764 581 1131 628 demonstravimus,
1148 580 1291 631 quibus
1307 579 1531 629 regionibus

203 659 387 702 quattuor
408 664 516 700 reges
532 656 747 699 praeerant,
766 647 1003 697 Cingetorix,
1019 645 1221 693 Carvilius,
1239 645 1528 694 Taximagulus,

142 710 147 715 ,
205 719 391 766 Segovax,
410 714 569 753 nuntios
587 714 705 752 mittit
724 721 843 763 atque
864 712 919 750 eis
934 712 1099 761 imperat
1116 711 1171 749 uti
1185 710 1330 748 coactis
1347 709 1532 748 omnibus

204 782 328 831 copiis
349 788 473 819 castra
500 779 653 818 navalia
679 780 729 817 de
758 777 971 828 improviso
997 776 1223 816 adoriantur
1249 783 1367 825 atque
1387 787 1534 824 oppug-

169 862 184 882 2
205 855 310 885 nent.
372 845 419 883 Ei
444 859 535 883 cum
559 846 610 883 ad
640 851 765 882 castra
792 842 1002 888 venissent,
1035 840 1155 879 nostri
1186 839 1390 889 eruptione
1418 840 1531 885 facta,

206 911 338 950 multis
359 924 495 949 eorum
516 909 740 955 interfectis,
758 916 874 957 capto
891 907 1008 945 etiam
1029 905 1151 944 nobili
1169 907 1270 944 duce
1285 904 1532 954 Lugotorige,

170 990 298 1022 3suos
339 975 558 1014 incolumes
597 975 844 1012 reduxerunt.
905 971 1234 1017 Cassivellaunus,
1270 971 1346 1008 hoc
1384 969 1534 1018 proelio

208 1041 400 1087 nuntiato,
423 1048 480 1078 tot
511 1038 754 1078 detrimentis
784 1037 966 1087 acceptis,
990 1036 1148 1075 vastatis
1178 1035 1333 1082 finibus,
1368 1035 1535 1073 maxime

208 1106 324 1144 etiam
346 1113 547 1156 permotus
567 1104 791 1142 defectione
818 1102 1019 1141 civitatum
1044 1104 1191 1152 legatos
1218 1114 1286 1150 per
1306 1101 1534 1138 Atrebatem

168 1188 188 1216 4
209 1171 437 1210 Commium
459 1171 508 1208 de
529 1169 732 1208 deditione
752 1169 802 1206 ad
829 1169 1038 1207 Caesarem
1069 1166 1196 1204 mittit.
1268 1166 1422 1212 Caesar,
1445 1178 1536 1203 cum

209 1235 474 1274 constituisset
522 1234 696 1272 hiemare
743 1234 782 1271 in
831 1231 1049 1271 continenti
1098 1238 1255 1281 propter
1311 1229 1536 1279 repentinos

209 1301 359 1338 Galliae
390 1308 519 1338 motus
550 1313 679 1349 neque
713 1300 880 1337 multum
915 1298 1072 1336 aestatis
1101 1303 1320 1346 superesset
1349 1304 1467 1345 atque
1498 1295 1537 1334 id

209 1366 321 1404 facile
362 1365 507 1403 extrahi
548 1379 663 1415 posse
703 1364 952 1412 intellegeret,
991 1362 1150 1400 obsides
1180 1361 1344 1411 imperat
1373 1368 1411 1398 et
1441 1359 1537 1410 quid

209 1432 248 1468 in
292 1444 417 1468 annos
458 1430 631 1478 singulos
675 1427 872 1477 vectigalis
914 1429 1063 1476 populo
1108 1428 1292 1463 Romano
1337 1424 1537 1462 Britannia

174 1516 190 1545 5
212 1497 400 1545 penderet
424 1494 649 1540 constituit,
679 1492 875 1530 interdicit
904 1499 1022 1540 atque
1052 1491 1215 1540 imperat
1241 1489 1537 1529 Cassivellauno

212 1576 261 1600 ne
284 1560 573 1599 Mandubracio
595 1573 671 1597 neu
693 1557 1004 1596 Trinobantibus
1026 1564 1176 1594 noceat.

142 1640 192 1678 23
266 1626 485 1664 Obsidibus
526 1625 709 1675 acceptis,
747 1623 959 1662 exercitum
1002 1622 1154 1660 reducit
1191 1622 1243 1659 ad
1282 1634 1397 1667 mare,
1431 1621 1539 1658 navis

176 1708 190 1728 2
213 1691 360 1729 invenit
382 1692 554 1728 refectas.
607 1689 674 1727 Eis
689 1688 880 1734 deductis,
899 1687 1008 1737 quod
1029 1694 1067 1724 et
1088 1686 1331 1735 captivorum
1352 1698 1539 1735 magnum

214 1769 419 1794 numerum
451 1755 622 1793 habebat
657 1761 695 1791 et
734 1766 813 1790 non
854 1753 983 1789 nullae
1022 1758 1255 1800 tempestate
1293 1749 1539 1799 deperierant

214 1835 342 1867 naves,
375 1821 531 1858 duobus
562 1818 847 1858 commeatibus
887 1816 1098 1855 exercitum
1138 1823 1332 1865 reportare
1362 1813 1537 1852 instituit.

178 1899 195 1928 3
216 1888 275 1923 Ac
307 1885 362 1923 sic
391 1884 534 1923 accidit
569 1884 625 1922 uti
664 1898 710 1921 ex
749 1890 859 1920 tanto
898 1881 1057 1919 navium
1092 1893 1257 1918 numero
1292 1886 1349 1917 tot
1388 1878 1540 1927 naviga-

214 1949 388 1987 tionibus
410 1962 538 1998 neque
559 1950 635 1986 hoc
656 1961 785 1996 neque
806 1946 1004 1995 superiore
1025 1958 1131 1983 anno
1146 1945 1225 1982 ulla
1240 1943 1404 1982 omnino
1420 1942 1539 1989 navis,

174 2034 193 2062 4
214 2027 315 2064 quae
340 2014 481 2052 milites
508 2021 689 2064 portaret,
719 2011 1029 2057 desideraretur;
1065 2018 1105 2048 at
1131 2024 1177 2048 ex
1201 2009 1255 2047 eis
1283 2021 1383 2058 quae
1407 2007 1542 2045 inanes

215 2095 261 2118 ex
295 2079 513 2117 continenti
542 2080 593 2117 ad
618 2092 709 2116 eum
733 2077 1032 2123 remitterentur,
1064 2084 1101 2113 et
1131 2074 1268 2125 prioris
1298 2080 1542 2112 commeatus

217 2145 401 2194 expositis
426 2144 625 2191 militibus,
648 2151 685 2181 et
712 2156 809 2193 quas
834 2150 971 2192 postea
999 2141 1196 2179 Labienus
1217 2139 1417 2178 faciendas
1437 2152 1543 2177 cura·
1563 2154 1580 2182 Γ

218 2217 321 2247 verat
351 2222 517 2247 numero
548 2220 610 2255 Lx,
635 2220 854 2258 perpaucae
883 2209 1016 2245 locum
1046 2214 1240 2255 caperent,
1263 2204 1434 2254 reliquae
1464 2205 1541 2241 fere

182 2291 197 2319 5
219 2287 357 2311 omnes
387 2274 631 2312 reicerentur.
693 2275 802 2321 Quas
834 2286 924 2310 cum
954 2271 1196 2321 aliquamdiu
1232 2272 1376 2309 Caesar
1405 2270 1541 2307 frustra

219 2346 491 2387 exspectasset,
525 2352 574 2376 ne
604 2338 696 2375 anni
727 2346 903 2387 tempore
932 2351 955 2375 a
984 2337 1231 2386 navigatione
1261 2336 1540 2380 excluderetur,

219 2405 327 2453 quod
367 2404 660 2453 aequinoctium
700 2404 867 2451 suberat,
905 2403 1124 2442 necessario
1162 2401 1362 2451 angustius
1403 2399 1543 2438 milites

1556 853 1595 874 10

1559 1179 1595 1210 ¹5

1561 1503 1600 1524 20

1564 1828 1600 1859 25
