1706 2729
592 127 635 166 C.
670 127 785 164 IVLI
817 127 1085 166 CAESARIS,

139 249 156 279 3
175 239 309 289 pabuli
342 238 503 289 quidem
538 238 629 277 satis
663 251 805 289 magna
838 239 951 288 copia
985 240 1241 288 suppetebat:
1286 253 1334 278 eo
1365 247 1497 278 autem

175 304 371 341 frumento
409 304 518 353 quod
556 302 719 341 flumine
756 305 877 341 Arare
916 303 1080 341 navibus
1119 304 1349 342 subvexerat
1386 316 1497 353 prop-

176 375 279 406 terea
302 367 358 406 uti
388 367 518 406 minus
547 375 698 418 poterat
727 368 835 417 quod
866 367 936 405 iter
968 368 1019 405 ab
1047 370 1166 405 Arare
1198 367 1371 406 Helvetii
1396 381 1498 406 aver-

136 444 155 474 4
176 440 311 479 terant,
341 445 365 470 a
393 431 537 481 quibus
566 431 770 470 discedere
799 431 968 469 nolebat.
1031 431 1148 469 Diem
1183 446 1229 470 ex
1262 431 1326 470 die
1355 432 1498 470 ducere

135 511 153 541 5
175 496 327 535 Aedui:
358 495 535 542 conferri,
557 495 804 545 comportari,
825 497 964 534 adesse
985 495 1124 534 dicere.
1185 495 1267 535 Ubi
1292 510 1333 535 se
1353 495 1498 535 diutius
1519 507 1535 537 5

174 560 265 600 duci
286 560 474 598 intellexit
494 568 532 598 et
553 560 659 598 diem
680 559 833 606 instare,
855 573 936 609 quo
956 559 1020 598 die
1043 561 1282 598 frumentum
1311 560 1498 599 militibus

175 624 300 664 metiri
344 631 551 674 oporteret,
595 623 821 662 convocatis
868 637 1004 662 eorum
1052 623 1293 673 principibus
1331 638 1497 674 quorum

125 735 131 740 p
174 702 356 740 magnam
394 688 549 738 copiam
584 687 624 725 in
663 687 796 726 castris
831 688 1013 734 habebat,
1049 687 1089 725 in
1129 687 1187 725 his
1225 688 1426 727 Diviciaco
1461 696 1498 727 et

176 754 302 801 Lisco,
325 753 392 803 qui
413 766 569 792 summo
595 752 835 802 magistratui
857 761 1059 802 praeerant
1079 766 1198 802 quem
1211 754 1248 789 V
1251 753 1497 802 ergobretum

173 820 371 869 appellant
403 817 543 864 Aedui,
575 816 643 868 qui
676 825 826 856 creatur
863 831 1018 855 annuus
1048 825 1085 855 et
1114 816 1215 855 vitae
1244 817 1430 867 necisque
1458 816 1498 855 in
1522 830 1559 851 10

135 888 265 922 6suos
303 883 421 921 habet
460 890 706 932 potestatem,
746 881 909 931 graviter
947 895 1014 920 eos
1052 890 1210 919 accusat
1247 882 1366 931 quod,
1407 894 1498 920 cum

174 962 303 998 neque
341 947 418 986 emi
458 960 586 997 neque
625 961 671 984 ex
709 946 807 996 agris
842 945 943 984 sumi
982 955 1125 995 posset,
1162 954 1241 983 tam
1280 945 1499 984 necessario

174 1021 360 1062 tempore,
388 1020 466 1049 tam
494 1010 725 1061 propinquis
755 1010 946 1056 hostibus,
977 1010 1027 1047 ab
1058 1009 1112 1047 eis
1143 1022 1222 1047 non
1252 1009 1475 1048 sublevetur
1489 1024 1500 1057 3

174 1076 398 1127 praesertim
428 1090 518 1114 cum
550 1089 690 1125 magna
719 1089 765 1113 ex
794 1083 902 1123 parte
932 1087 1067 1112 eorum
1094 1073 1275 1123 precibus
1304 1075 1498 1112 adductus

174 1143 320 1181 bellum
349 1140 572 1190 susceperit,
596 1141 720 1178 multo
753 1139 869 1178 etiam
901 1139 1052 1189 gravius
1083 1139 1192 1188 quod
1219 1138 1265 1176 sit
1291 1138 1498 1177 destitutus
1521 1155 1556 1186 15

173 1207 354 1257 queritur.

112 1281 153 1319 17
227 1274 331 1310 Tum
365 1275 526 1311 demum
563 1273 699 1311 Liscus
734 1272 909 1311 oratione
944 1271 1120 1311 Caesaris
1153 1272 1359 1316 adductus,
1391 1271 1498 1320 quod

173 1345 288 1375 antea
308 1346 480 1375 tacuerat
501 1337 684 1387 proponit
702 1353 707 1375 :
735 1351 819 1375 esse
841 1350 919 1374 non
943 1338 1082 1382 nullos,
1106 1349 1272 1385 quorum
1289 1335 1497 1373 auctoritas

172 1403 279 1452 apud
312 1403 470 1451 plebem
505 1402 715 1452 plurimum
748 1403 883 1448 valeat,
916 1401 982 1451 qui
1014 1401 1192 1450 privatim
1226 1402 1314 1450 plus
1348 1401 1498 1450 possint

137 1489 151 1509 2
173 1480 291 1517 quam
333 1467 407 1516 ipsi
455 1467 709 1517 magistratus.
790 1469 878 1504 Hos
926 1465 1112 1504 seditiosa
1157 1474 1275 1515 atque
1320 1465 1499 1514 improba
1519 1481 1558 1502 20

173 1531 349 1570 oratione
388 1531 680 1571 multitudinem
715 1533 908 1569 deterrere
944 1545 992 1568 ne
1026 1531 1265 1568 frumentum
1296 1531 1498 1567 conferant

135 1616 153 1646 3
173 1598 282 1647 quod
329 1597 522 1635 debeant:
580 1604 785 1646 praestare,
835 1595 866 1633 si
914 1595 991 1633 iam
1039 1595 1299 1644 principatum
1348 1594 1498 1633 Galliae

173 1661 350 1700 obtinere
388 1675 469 1699 non
503 1670 678 1711 possent,
712 1662 915 1699 Gallorum
954 1673 1073 1710 quam
1113 1662 1385 1698 Romanorum
1430 1659 1498 1697 im-

133 1749 154 1777 4
172 1726 278 1777 peria
297 1727 488 1776 perferre3
518 1739 647 1775 neque
668 1724 846 1764 dubitare
875 1722 1078 1777 [debeant]
1107 1724 1213 1774 quin,
1237 1723 1268 1762 si
1291 1724 1496 1762 Helvetios

172 1790 437 1842 superaverint
462 1790 645 1838 Romani,
668 1803 747 1828 una
773 1804 863 1828 cum
890 1789 1038 1840 reliqua
1058 1789 1185 1828 Gallia
1211 1789 1360 1828 Aeduis
1386 1789 1498 1828 liber·
1518 1806 1555 1836 25

135 1874 152 1904 5
172 1865 292 1895 tatem
327 1856 403 1894 sint
441 1855 619 1905 erepturi.
679 1855 744 1893 Ab
778 1854 927 1893 eisdem
961 1862 1094 1893 nostra
1124 1854 1287 1892 consilia
1316 1867 1498 1904 quaeque

172 1921 212 1959 in
244 1920 377 1959 castris
407 1928 588 1969 gerantur
621 1919 802 1958 hostibus
836 1918 1051 1958 enuntiari:
1095 1920 1167 1957 hos
1201 1932 1224 1956 a
1257 1932 1298 1957 se
1329 1917 1499 1957 coerceri

134 1993 152 2024 6
172 1999 253 2024 non
286 1998 412 2035 posse.
473 1984 581 2033 Quin
620 1984 748 2031 etiam,
789 1985 898 2034 quod
931 1984 1190 2023 necessariam
1223 1997 1305 2022 rem
1339 1992 1499 2022 coactus

174 2049 331 2089 Caesari
357 2049 577 2097 enuntiarit,
599 2049 824 2100 intellegere
855 2064 940 2089 sese
968 2059 1116 2100 quanto
1140 2050 1181 2089 id
1207 2064 1297 2089 cum
1323 2050 1498 2099 periculo

172 2113 316 2160 fecerit,
339 2121 376 2151 et
397 2114 449 2152 ob
470 2128 557 2152 eam
578 2128 737 2153 causam
758 2129 878 2165 quam
899 2115 966 2154 diu
987 2115 1157 2165 potuerit
1177 2115 1355 2153 tacuisse.
1518 2130 1558 2160 30

109 2185 152 2222 18
227 2178 370 2216 Caesar
396 2179 469 2216 hac
496 2179 672 2218 oratione
694 2179 797 2218 Lisci
821 2180 1107 2230 Dumnorigem
1128 2178 1316 2218 Diviciaci
1340 2181 1496 2217 fratrem

213 2288 234 2316 9
257 2282 435 2316 praeerant
452 2278 544 2311 AR&
561 2289 567 2308 :
593 2277 714 2317 perant
731 2278 808 2308 Mb:
835 2286 990 2318 praeerat
1007 2280 1161 2311 Nicasius
1261 2292 1302 2312 22
1328 2282 1474 2313 debeant
1488 2293 1493 2312 :

171 2325 345 2359 praestare
369 2320 501 2350 Heller:
529 2326 700 2359 praestare
727 2322 872 2352 debeant
898 2322 936 2353 X
1089 2334 1129 2363 23
1153 2324 1284 2363 possint
1309 2325 1364 2355 Fr.
1391 2324 1495 2355 Hoto-

172 2374 318 2393 mannus
417 2374 456 2402 24
481 2363 627 2395 debeant
644 2365 710 2396 secl.
733 2364 853 2396 Dinter
951 2366 991 2397 28
1015 2368 1206 2399 necessaria
1223 2367 1256 2397 R
1269 2378 1276 2398 z
1302 2369 1492 2400 necessario

170 2406 235 2447 Nz'p
232 2406 315 2446 perd
314 2416 348 2445 ejy
