1768 2739
790 166 834 201 A.
870 164 1033 201 HIRTI

250 277 495 328 delegissent,
530 276 781 327 pabulatione
813 283 954 323 autem,
988 289 1087 326 quae
1116 283 1273 326 propter
1302 277 1394 314 anni
1424 284 1578 326 tempus

249 356 339 380 cum
362 343 497 392 exigua
529 350 612 380 tum
640 341 802 380 disiecta
831 350 941 389 esset,
966 350 1003 379 et
1028 341 1330 380 frumentatione
1362 348 1398 379 et
1429 340 1578 391 reliquo

248 414 472 446 commeatu
493 421 539 445 ex
559 406 708 445 insidiis
729 406 935 457 prohibere
957 408 1171 445 Romanos.

203 467 225 503 8
303 473 416 521 Quae
466 473 609 511 Caesar
651 471 986 510 consentientibus
1025 471 1201 522 pluribus
1241 484 1331 509 cum
1370 478 1578 520 cognosset

247 544 365 587 atque
404 550 449 575 ea
488 550 588 587 quae
626 544 936 587 proponerentur
984 536 1145 574 consilia
1194 538 1309 586 plena
1347 535 1614 587 prudentiae5

247 604 442 652 longeque
475 616 498 641 a
529 601 747 640 temeritate
778 601 1033 639 barbarorum
1071 609 1221 639 remota
1255 615 1339 640 esse
1374 600 1574 648 iudicaret,

248 668 431 705 omnibus
452 668 568 705 rebus
589 666 880 704 inserviendum
901 665 1034 703 statuit
1059 679 1138 716 quo
1160 666 1322 705 celerius
1343 666 1466 704 bostis
1486 679 1577 704 con-

209 749 222 769 2
248 738 395 780 tempta
411 744 570 769 suorum
586 731 781 781 paucitate
796 730 969 780 prodiret
990 730 1029 767 in
1045 730 1179 769 aciem.
1240 730 1450 780 Singularis
1470 730 1575 768 enim

246 796 395 834 virtutis
420 796 644 834 veterrimas
674 796 845 845 legiones
862 807 945 841 VH„
964 807 1065 842 vm„
1081 807 1182 833 vnn.
1199 796 1380 843 habebat,
1399 808 1576 833 summae

246 860 328 911 spei
360 862 616 911 delectaeque
646 860 859 899 iuventutis
881 872 951 907 XL,
976 874 1077 910 quae
1104 868 1244 899 octavo
1270 860 1348 899 iam
1377 859 1575 910 stipendio

246 934 378 965 tamen
408 926 447 964 in
478 926 687 964 collatione
711 925 947 976 reliquarum
974 927 1154 964 nondum
1182 927 1349 964 eandem
1372 925 1574 964 vetustatis

206 1004 223 1033 3
244 1005 290 1029 ac
323 992 473 1030 virtutis
505 999 659 1041 ceperat
690 991 930 1041 opinionem.
1003 992 1144 1041 Itaque
1174 990 1340 1029 consilio
1367 991 1571 1038 advocato,

245 1058 360 1096 rebus
401 1057 455 1096 eis
490 1070 591 1108 quae
623 1057 675 1095 ad
713 1070 754 1095 se
794 1064 923 1094 essent
961 1057 1115 1094 delatae
1153 1055 1338 1095 omnibus
1376 1055 1571 1105 expositis,

201 1138 221 1167 4
242 1122 395 1160 animos
416 1121 677 1160 multitudinis
698 1122 913 1159 confirmat.
993 1120 1032 1158 Si
1054 1122 1152 1158 forte
1175 1120 1298 1158 hostis
1322 1120 1438 1158 trium
1459 1120 1575 1170 legio-

242 1201 337 1225 num
354 1200 519 1226 numero
534 1194 667 1237 posset
683 1186 821 1225 elicere
841 1187 892 1225 ad
913 1185 1194 1233 dimicandum,
1212 1185 1378 1236 agminis
1394 1185 1572 1224 ordinem

242 1252 294 1290 ita
310 1252 511 1290 constituit
525 1259 566 1290 ut
582 1252 683 1302 legio
698 1264 891 1298 vil.,V111.,
913 1263 1017 1289 vl111.
1034 1258 1125 1289 ante
1145 1251 1278 1289 omnia
1297 1250 1396 1289 irent
1412 1250 1574 1301 impedi-

242 1325 384 1364 menta,
400 1317 545 1356 deinde
561 1316 739 1355 omnium
756 1316 1130 1367 impedimentorum
1144 1329 1296 1365 agmen,
1312 1316 1420 1366 quod
1441 1323 1572 1354 tamen

241 1391 320 1421 erat
348 1382 557 1429 mediocre,
581 1390 623 1420 ut
653 1382 692 1420 in
723 1381 1040 1432 expeditionibus
1070 1394 1155 1419 esse
1179 1380 1394 1427 consuevit,
1417 1388 1572 1430 cogeret

240 1459 309 1495 XL,
333 1461 383 1486 ne
404 1447 559 1485 maioris
587 1446 847 1485 multitudinis
873 1446 1022 1496 species
1042 1446 1220 1484 accidere
1241 1445 1420 1484 hostibus
1440 1453 1572 1495 posset

200 1530 217 1560 5
240 1525 357 1562 quam
393 1511 466 1562 ipsi
498 1510 831 1561 depoposcissent.
911 1512 1002 1549 Hac
1033 1510 1182 1549 ratione
1221 1523 1346 1560 paene
1381 1511 1571 1560 quadrato

239 1576 394 1626 agmine
421 1576 621 1623 instructo,
644 1575 683 1613 in
711 1583 968 1625 conspectum
997 1575 1169 1614 hostium
1197 1575 1359 1614 celerius
1384 1575 1571 1625 opinione

239 1655 375 1680 eorum
396 1641 607 1680 exercitum
628 1641 800 1680 adducit.

190 1721 218 1758 9
294 1708 396 1746 Cum
418 1714 578 1757 repente
598 1706 804 1744 instructas
825 1708 929 1744 velut
954 1706 994 1744 in
1018 1705 1102 1744 acie
1128 1713 1235 1745 certo
1255 1706 1376 1756 gradu
1397 1705 1570 1756 legiones

238 1773 426 1810 accedere
457 1771 558 1810 Galli
583 1771 773 1818 viderunt,
798 1784 965 1821 quorum
996 1779 1103 1810 erant
1133 1773 1183 1810 ad
1215 1772 1423 1810 Caesarem
1452 1773 1569 1822 plena

238 1836 405 1875 fiduciae
426 1835 588 1874 consilia
609 1836 767 1886 perlata,
791 1835 870 1874 sive
897 1835 1120 1874 certaminis
1141 1835 1315 1886 periculo
1336 1836 1416 1874 sive
1436 1836 1567 1875 subito

236 1902 407 1939 adventu
437 1900 516 1939 sive
551 1900 843 1950 exspectatione
877 1900 998 1939 nostri
1032 1900 1170 1939 consili
1201 1900 1334 1950 copias
1373 1900 1567 1939 instruunt

199 1982 214 2003 2
236 1979 307 2015 pro
333 1966 466 2004 castris
487 1979 560 2004 nec
581 1967 670 2004 loco
691 1965 889 2015 superiore
915 1967 1124 2004 decedunt.
1185 1967 1338 2012 Caesar,
1366 1965 1437 2004 etsi
1457 1965 1568 2004 dimi-

236 2044 323 2069 care
375 2038 586 2080 optaverat,
636 2038 769 2068 tamen
816 2030 1029 2069 admiratus
1076 2038 1225 2069 tantam
1274 2030 1566 2069 multitudinem

236 2095 419 2142 hostium,
459 2096 558 2133 valle
596 2094 816 2133 intermissa
856 2094 977 2144 magis
1016 2095 1056 2132 in
1094 2094 1341 2133 altitudinem
1382 2096 1566 2145 depressa

1597 873 1636 897 10

1597 1199 1632 1233 15

1592 1525 1632 1548 20

1589 1847 1626 1880 ²5

198 2174 214 2204 3
235 2173 353 2209 quam
385 2162 461 2198 late
491 2167 651 2210 patente
683 2167 807 2198 castra
838 2159 971 2210 castris
1003 2159 1175 2197 hostium
1211 2161 1370 2197 confert.
1452 2160 1566 2197 Haec
1584 2171 1626 2201 30

234 2224 398 2274 imperat
418 2225 520 2262 vallo
540 2225 689 2274 pedum
711 2223 923 2262 duodecim
945 2223 1097 2271 muniri,
1121 2223 1325 2262 loriculam
1349 2237 1420 2274 pro
1441 2222 1564 2276 [baec]

282 2338 319 2357 10
337 2331 412 2367 post
428 2328 596 2367 stipendio
615 2327 689 2358 add.
711 2327 825 2358 functa
842 2329 864 2361 β
969 2327 1007 2356 16
1032 2327 1094 2358 iret
1111 2339 1131 2357 α
1235 2336 1276 2365 23
1300 2326 1393 2366 Quas
1409 2327 1563 2366 legiones

235 2395 242 2401 .
262 2395 268 2401 .
287 2395 293 2400 .
312 2370 478 2401 Gallicum
495 2372 650 2401 viderent
668 2373 691 2405 β
804 2381 841 2408 31
872 2370 1060 2400 Loriculam
1079 2381 1140 2410 pro
1158 2371 1241 2401 haec
1260 2371 1338 2410 (hac
1355 2370 1410 2411 B')
1431 2371 1561 2401 ratione

234 2414 306 2443 eius
323 2414 508 2444 altitudinis
519 2426 538 2444 α
552 2428 557 2446 ;
583 2414 716 2445 coronis
733 2416 756 2448 β
816 2415 900 2444 haec
917 2414 984 2443 secl.
1004 2414 1122 2443 Dt'nter
1186 2424 1247 2453 pro
1259 2415 1413 2453 portione
1425 2413 1564 2454 Madwg
