1768 2739
135 827 172 848 10

127 1475 166 1497 20

454 127 527 163 DE
560 125 740 163 BELLO
771 124 1016 162 GALLICO
1047 124 1149 160 LIB.
1183 123 1264 160 VII

195 237 356 287 proelio,
389 251 479 276 cum
507 251 553 275 ex
581 236 729 286 oppido
761 236 964 286 eruptione
998 242 1243 286 pugnaretur,
1272 234 1363 273 foris
1389 241 1520 272 tantae

194 302 331 351 copiae
360 302 554 352 equitatus
582 300 857 350 peditatusque
886 308 1145 339 cernerentur.

247 369 300 404 At
327 366 362 404 ei
388 365 455 415 qui
475 365 630 403 Alesiae
657 364 948 410 obsidebantur,
971 364 1177 414 praeterita
1197 364 1261 402 die
1282 377 1358 413 qua
1377 363 1518 401 auxilia
1537 362 1588 402 77

194 444 353 468 suorum
384 437 711 478 exspectaverant,
746 436 982 478 consumpto
1021 428 1130 467 omni
1163 430 1371 475 frumento,
1406 428 1518 466 inscii

193 495 288 545 quid
311 495 352 532 in
375 494 524 533 Aeduis
548 501 753 543 gereretur,
783 493 951 532 concilio
979 500 1118 532 coacto
1148 494 1198 531 de
1226 493 1329 531 exitu
1360 506 1516 530 suarum

192 561 433 597 fortunarum
455 559 741 596 consultabant.
783 560 842 596 Ac
858 557 971 596 variis
988 557 1101 596 dictis
1118 557 1330 604 sententiis,
1351 571 1515 607 quarum
1539 573 1553 592 2

191 637 278 673 pars
304 623 560 670 deditionem,
591 637 690 673 pars,
722 624 817 662 dum
847 623 945 661 vires
975 630 1236 672 suppeterent,
1270 621 1516 671 eruptionem

191 688 388 735 censebat,
410 701 490 726 non
507 689 789 738 praetereunda
810 687 933 726 oratio
955 687 1171 737 Critognati
1187 687 1340 726 videtur
1359 694 1517 737 propter

191 751 273 790 eius
301 752 534 802 singularem
562 760 600 791 et
621 752 806 790 nefariam
837 752 1119 790 crudelitatem.
1182 752 1272 798 Hic,
1296 765 1451 790 summo
1476 751 1515 789 in
1537 763 1554 793 3

191 817 373 855 Arvernis
398 825 504 855 ortus
531 819 619 856 loco
645 825 682 855 et
705 830 868 867 magnae
898 817 1055 855 habitus
1083 816 1334 863 auctoritatis,
1360 816 1515 863 ‘Nihil,'

190 881 327 931 inquit,
354 883 424 920 ‘de
451 896 586 920 eorum
614 882 807 920 sententia
834 882 1007 920 dicturus
1032 895 1130 928 sum,
1154 881 1220 931 qui
1251 881 1514 930 turpissimam

190 946 415 984 servitutem
436 946 647 984 deditionis
668 946 830 985 nomine
845 948 1055 995 appellant,
1075 959 1203 995 neque
1220 947 1291 984 hos
1309 946 1514 984 habendos

189 1011 331 1048 civium
358 1012 447 1049 Ioco
470 1024 600 1061 neque
623 1012 674 1049 ad
694 1011 905 1049 concilium
926 1011 1174 1049 adhibendos
1196 1023 1349 1048 censeo.
1410 1011 1513 1049 Cum
1533 1023 1553 1053 4

188 1075 247 1113 his
268 1075 363 1112 mihi
384 1089 442 1114 res
464 1076 511 1113 sit
532 1076 598 1125 qui
619 1076 863 1126 eruptionem
880 1076 1047 1125 probant
1062 1091 1071 1123 3
1101 1088 1268 1125 quorum
1290 1075 1329 1112 in
1351 1075 1514 1113 consilio

187 1139 364 1178 omnium
381 1148 550 1178 vestrum
567 1154 762 1178 consensu
779 1140 962 1190 pristinae
979 1140 1146 1178 residere
1160 1139 1308 1178 virtutis
1327 1139 1514 1178 memoria

186 1204 348 1242 videtur.
426 1204 560 1242 Animi
599 1212 657 1243 est
702 1205 773 1242 ista
813 1204 986 1251 mollitia,
1028 1217 1109 1242 non
1147 1204 1277 1250 virtus,
1318 1204 1549 1254 paulisper5

186 1268 358 1318 inopiam
402 1270 499 1306 ferre
537 1282 616 1307 non
655 1282 781 1319 posse.
860 1269 939 1317 Qui
980 1282 1021 1307 se
1059 1270 1159 1307 ultro
1200 1268 1315 1307 morti
1350 1270 1513 1306 offerant

185 1333 334 1371 facilius
373 1332 616 1383 reperiuntur
659 1347 777 1383 quam
818 1333 885 1383 qui
926 1334 1103 1371 dolorem
1141 1333 1333 1382 patienter
1375 1334 1508 1371 ferant.

183 1400 316 1448 Atque
349 1411 421 1448 ego
456 1399 557 1436 hanc
589 1398 824 1436 sententiam
858 1398 1064 1448 probarem
1095 1398 1263 1449 (tantum
1303 1399 1410 1447 apud
1448 1411 1510 1436 me
1531 1403 1550 1434 6

184 1462 351 1512 dignitas
399 1462 555 1513 potest),
607 1463 638 1501 si
696 1465 842 1501 nullam
894 1470 1165 1513 praeterquam
1208 1462 1309 1501 vitae
1356 1469 1511 1501 nostrae

183 1526 369 1565 iacturam
400 1528 481 1565 fieri
511 1527 713 1575 viderem,
753 1529 823 1566 sed
852 1527 892 1565 in
922 1528 1086 1566 consilio
1116 1527 1309 1577 capiendo
1350 1541 1508 1565 omnem
1532 1538 1547 1571 7

183 1591 350 1629 Galliam
381 1592 643 1642 respiciamus,
669 1605 787 1642 quam
815 1594 866 1630 ad
891 1600 1067 1630 nostrum
1093 1593 1278 1630 auxilium
1304 1592 1511 1630 concitavi-

182 1669 279 1694 mus.
357 1656 466 1704 Quid
501 1656 705 1694 hominum
737 1656 893 1694 milibus
925 1668 1038 1694 Lxxx
1069 1670 1148 1694 uno
1179 1658 1267 1694 loco
1298 1656 1508 1694 interfectis
1528 1661 1546 1690 8

181 1719 410 1769 propinquis
441 1720 820 1770 consanguineisque
848 1721 988 1759 nostris
1012 1720 1132 1758 animi
1163 1722 1244 1758 fore
1269 1720 1504 1768 existimatis,

124 1795 159 1825 25
181 1783 211 1820 si
244 1797 368 1833 paene
402 1783 441 1821 in
474 1784 566 1834 ipsis
599 1785 852 1823 cadaveribus
884 1785 1032 1835 proelio
1064 1786 1262 1823 decertare
1291 1788 1508 1836 cogentur?

121 2116 160 2146 30

182 1848 314 1886 Nolite
335 1850 406 1886 hos
426 1857 554 1887 vestro
575 1849 717 1887 auxilio
739 1850 962 1900 exspoliare,
987 1850 1053 1900 qui
1067 1858 1215 1888 vestrae
1236 1850 1369 1889 salutis
1390 1864 1506 1889 causa
1525 1863 1545 1894 9

180 1926 292 1950 suum
328 1912 544 1962 periculum
585 1916 846 1963 neglexerunt,
889 1928 962 1953 nec
1001 1915 1161 1953 stultitia
1204 1929 1250 1953 ac
1288 1915 1506 1954 temeritate

180 1985 304 2014 vestra
329 1984 396 2014 aut
423 1977 543 2015 animi
569 1977 836 2017 imbecillitate
871 1993 1031 2018 omnem
1061 1980 1228 2018 Galliam
1260 1987 1504 2029 prosternere

179 2049 217 2078 et
251 2049 461 2091 perpetuae
486 2042 657 2080 servituti
684 2043 871 2082 subicere.
948 2047 1023 2092 An,
1060 2046 1169 2094 quod
1202 2046 1253 2082 ad
1287 2044 1392 2082 diem
1422 2058 1502 2083 non
1525 2060 1563 2081 10

179 2114 379 2152 venerunt,
415 2107 465 2144 de
496 2120 629 2145 eorum
663 2109 741 2146 fide
772 2110 1070 2159 constantiaque
1100 2109 1319 2148 dubitatis?
1394 2110 1502 2158 Quid

179 2172 299 2219 ergo?
358 2172 561 2209 Romanos
585 2172 624 2209 in
649 2172 722 2210 illis
747 2173 992 2212 ulterioribus
1018 2174 1301 2212 munitionibus
1330 2174 1502 2213 animine

220 2274 241 2302 6
264 2272 316 2303 Ac
333 2286 352 2303 α
368 2284 374 2303 :
398 2273 498 2312 Apud
516 2284 600 2313 quos
617 2277 639 2309 β
721 2286 863 2315 quorum
881 2279 903 2312 β
1028 2279 1067 2307 16
1092 2277 1228 2308 mollitia
1245 2280 1267 2310 Β
1282 2289 1288 2307 :
1314 2278 1466 2308 molestia
1482 2290 1501 2307 α

182 2317 230 2364 18⁴
244 2317 460 2355 reperiuntur
475 2319 497 2351 Β
512 2319 759 2366 :Dreperiantur
774 2331 794 2349 α
927 2330 965 2359 31
996 2321 1171 2352 Romanos
1187 2323 1228 2355 B:
1269 2321 1499 2352 Romanorum

177 2369 308 2389 animos
325 2371 344 2389 α
433 2371 580 2391 animine
597 2364 619 2395 β
635 2373 639 2391 ;
665 2363 740 2392 sine
757 2375 776 2392 a
