1768 2739
433 140 506 177 DE
538 138 715 176 BELLO
747 137 990 175 GALLICO
1022 138 1122 174 LIB.
1156 137 1191 173 V

207 250 283 288 His
312 250 427 288 rebus
457 248 631 298 cognitis,
664 248 807 287 Caesar
837 247 1009 296 legiones
1039 247 1336 297 equitatumque
1364 259 1470 284 revo—
1489 257 1523 284 11

151 314 228 352 cari
247 322 366 364 atque
386 314 425 351 in
446 313 581 351 itinere
601 312 777 350 resistere
803 311 920 358 iubet,
945 311 1027 360 ipse
1047 313 1097 349 ad
1118 311 1226 349 navis
1247 311 1470 349 revertitur:

151 380 288 417 eadem
319 379 397 416 fere
431 390 532 427 quae
561 390 608 415 ex
641 376 787 414 nuntiis
826 376 1041 425 litterisque
1075 383 1309 425 cognoverat
1339 388 1471 413 coram
1494 389 1508 408 2

150 442 344 493 perspicit,
374 442 429 480 sic
453 449 495 479 ut
521 440 673 479 amissis
701 440 851 479 circiter
877 451 932 477 XL
958 439 1124 478 navibus
1148 439 1319 488 reliquae
1339 447 1471 476 tamen

113 525 129 555 5
150 507 255 546 refici
282 520 397 557 posse
427 519 569 556 magno
599 506 757 555 negotio
777 505 1009 544 viderentur.
1072 506 1211 554 Itaque
1240 517 1287 541 ex
1315 503 1473 552 legioni·
1494 519 1511 548 3

150 572 222 610 bus
262 572 390 610 fabros
433 570 566 621 deligit
605 578 643 608 et
688 584 734 608 ex
771 569 989 608 continenti
1027 568 1123 607 alios
1161 568 1303 606 arcessi
1341 567 1473 613 iubet,

151 637 328 675 Labieno
362 636 494 674 scribit
524 643 566 674 ut
605 649 724 685 quam
758 635 944 685 plurimas
983 641 1115 685 posset
1149 633 1204 672 eis
1238 632 1470 683 legionibuS‚
1492 647 1511 676 4

149 715 250 751 quae
284 709 374 740 sunt
405 703 512 751 apud
541 714 644 748 eum,
679 700 788 739 navis
817 700 1003 738 instituat.
1065 701 1167 749 Ipse,
1198 698 1271 737 etsi
1300 711 1359 736 res
1393 705 1473 735 erat
1494 710 1511 740 5

150 769 294 805 multae
343 780 485 816 operae
522 780 568 804 ac
607 766 761 813 laboris,
802 773 934 804 tamen
973 763 1341 803 commodissimum
1389 775 1474 800 esse

93 847 131 869 10
150 831 281 870 statuit
311 831 439 870 omnis
469 831 577 869 navis
606 830 773 869 subduci
803 838 841 868 et
868 844 958 868 cum
989 829 1122 867 castris
1150 842 1228 866 una
1254 826 1473 866 munitione

150 895 343 945 coniungi.
406 897 452 933 In
482 895 541 933 his
572 895 687 933 rebus
717 894 867 933 circiter
896 894 980 932 dies
1011 906 1038 931 X
1068 892 1275 939 consumit,
1304 906 1354 930 ne
1384 905 1474 930 noc-
1492 897 1511 929 6

149 960 271 998 turnis
301 959 461 1010 quidem
490 959 732 1010 temporibus
751 961 803 998 ad
830 960 1004 998 laborem
1035 958 1202 996 militum
1232 957 1471 995 intermissis.

149 1024 362 1064 Subductis
392 1024 556 1063 navibus
587 1025 801 1074 castrisque
830 1023 981 1074 egregie
1016 1023 1187 1070 munitis,
1223 1023 1382 1061 easdem
1413 1035 1511 1070 co-7

149 1089 243 1138 pias,
279 1102 376 1139 quas
414 1096 515 1135 ante,
553 1088 748 1139 praesidio
786 1088 951 1126 navibus
990 1087 1170 1137 reliquit:
1215 1086 1297 1136 ipse
1331 1087 1473 1124 eodem

93 1170 128 1201 15
150 1155 256 1192 unde
280 1152 444 1191 redierat
471 1152 737 1203 proficiscitur.
799 1154 859 1190 Eo
883 1166 974 1190 cum
995 1151 1176 1198 venisset,
1200 1151 1366 1189 maiores
1395 1151 1473 1188 iam
1493 1157 1511 1187 8

149 1218 325 1268 undique
357 1217 395 1255 in
430 1231 520 1256 eum
556 1219 687 1256 locum
721 1217 859 1267 copiae
899 1217 1176 1255 Britannorum
1208 1222 1473 1254 convenerant

148 1295 301 1320 summa
340 1282 478 1332 imperi
516 1281 689 1331 bellique
726 1281 1027 1320 administrandi
1067 1280 1270 1319 communi
1309 1279 1474 1318 consilio

148 1346 335 1396 permissa
366 1347 672 1393 Cassivellauno,
704 1346 814 1384 cuius
844 1346 932 1384 finis
965 1359 988 1384 a
1019 1345 1221 1384 maritimis
1253 1344 1474 1383 civitatibus

148 1413 295 1450 flumen
343 1411 481 1450 dividit
516 1413 625 1461 quod
663 1412 881 1461 appellatur
914 1410 1093 1449 Tamesis
1130 1424 1154 1448 a
1188 1410 1284 1448 mari
1324 1410 1476 1448 circiter

91 1493 130 1515 20
149 1477 255 1515 milia
275 1490 461 1527 passuum
483 1488 608 1514 LXXX.
660 1476 768 1514 Huic
789 1477 987 1526 superiore
1007 1483 1184 1525 tempore
1205 1489 1295 1513 cum
1317 1475 1474 1525 reliquis
1494 1487 1513 1518 9

149 1541 369 1580 civitatibus
417 1541 660 1580 continentia
706 1542 809 1579 bella
855 1541 1152 1579 intercesserant
1167 1555 1178 1588 3
1224 1541 1293 1579 sed
1341 1547 1476 1578 nostro

148 1607 319 1645 adventu
344 1606 511 1656 permoti
539 1604 716 1644 Britanni
741 1606 847 1643 hunc
871 1605 942 1643 toti
970 1605 1073 1644 bello
1100 1604 1344 1655 imperioque
1371 1618 1477 1655 prae-

150 1673 330 1710 fecerant.

206 1734 430 1773 Britanniae
462 1748 550 1784 pars
583 1734 743 1773 interior
776 1735 827 1772 ab
861 1734 916 1772 eis
950 1734 1133 1772 incolitur
1158 1747 1258 1784 quos
1292 1741 1405 1772 natos
1436 1733 1475 1771 in
1495 1745 1537 1772 12

91 1817 128 1848 25
149 1800 275 1838 insula
296 1799 369 1849 ipsi
390 1799 579 1838 memoria
606 1799 805 1849 proditum
833 1799 982 1846 dicunt,
1009 1798 1201 1837 maritima
1228 1812 1314 1849 pars
1343 1799 1393 1837 ab
1421 1798 1476 1836 eis
1499 1811 1513 1831 2

150 1864 216 1913 qui
245 1865 413 1913 praedae
436 1877 482 1901 ac
510 1863 601 1902 belli
626 1863 819 1902 inferendi
847 1877 964 1902 causa
991 1877 1037 1902 ex
1065 1863 1202 1913 Belgio
1231 1862 1474 1910 transierant,

150 1930 217 1979 qui
239 1942 376 1967 omnes
398 1931 476 1967 fere
501 1928 555 1967 eis
577 1928 804 1967 nominibus
831 1928 1032 1967 civitatum
1059 1929 1305 1978 appellantur
1333 1928 1476 1978 quibus

151 1994 224 2033 orti
238 2008 284 2033 ex
298 1994 519 2033 civitatibus
541 2007 587 2032 eo
609 2002 878 2043 pervenerunt,
898 2001 935 2032 et
957 1994 1060 2032 bello
1082 1994 1203 2032 inlato
1226 1993 1278 2031 ibi
1300 2006 1477 2043 perman-

153 2067 285 2097 serunt
305 2066 422 2109 atque
443 2071 554 2108 agros
576 2059 703 2096 colere
725 2065 948 2107 coeperunt.
1002 2057 1224 2096 Hominum
1247 2064 1304 2095 est
1326 2056 1477 2095 infinita
1497 2073 1515 2103 3,

91 2139 131 2170 30
150 2123 362 2162 multitudo
392 2122 703 2173 creberrimaque
737 2122 916 2161 aedificia
948 2124 1027 2161 fere
1056 2122 1215 2161 Gallicis
1244 2121 1474 2168 consimilia,

149 2201 335 2238 pecorum
358 2201 521 2238 magnus
543 2201 738 2226 numerus.
801 2189 976 2227 Utuntur
1009 2195 1075 2225 aut
1108 2201 1195 2226 aere
1214 2194 1281 2225 aut
1311 2200 1476 2225 nummo
1494 2196 1513 2226 4

149 2265 268 2291 aureo
300 2259 367 2290 aut
402 2251 511 2290 taleis
537 2252 666 2290 ferreis
696 2253 747 2290 ad
778 2259 926 2290 certum
958 2253 1114 2301 pondus
1150 2252 1378 2290 examinatis
1406 2266 1477 2302 pro

150 2330 324 2356 nummo.
396 2316 579 2355 Nascitur
613 2316 666 2354 ibi
698 2317 905 2366 plumbum
940 2317 1074 2355 album
1109 2316 1148 2354 in
1184 2317 1476 2356 mediterraneis

197 2430 212 2458 7
239 2420 343 2459 possit
355 2421 377 2454 β
478 2428 519 2458 32
545 2428 648 2450 aureo
664 2430 704 2449 a:
730 2429 829 2450 aereo
846 2421 868 2453 B
957 2424 1013 2449 aut
1031 2418 1126 2450 taleis
1149 2419 1192 2451 T:
1218 2425 1274 2451 aut
1292 2420 1363 2452 aliis
1379 2420 1436 2451 αἱ]
