1768 2739
657 163 700 201 C.
736 163 851 199 IVLI
884 163 1059 201 CAESA
1068 163 1153 199 Rls

241 287 360 322 quere
386 272 424 310 in
447 271 584 319 Gallia,
608 272 778 322 reliquos
803 273 986 311 obsidum
1009 274 1098 311 loco
1119 286 1253 312 secum
1275 274 1418 312 ducere
1439 274 1568 312 decre-

239 346 356 384 verat,
380 339 500 387 quod,
523 351 613 376 curn
635 337 718 387 ipse
738 338 904 385 abesset,
928 346 1078 376 motum
1102 338 1252 377 Galliae
1273 339 1487 378 verebatur.

194 406 221 443 6
297 405 389 441 Erat
419 416 497 441 una
527 416 617 440 cum
653 402 789 441 ceteris
826 403 1047 442 Dumnorix
1076 404 1251 450 Aeduus,
1280 405 1330 443 de
1364 417 1444 453 quo
1477 411 1568 442 ante

239 468 290 505 ab
320 466 435 506 nobis
463 467 613 506 dictum
641 475 709 505 est.
773 469 894 505 Hunc
922 481 1055 506 secum
1082 469 1225 506 habere
1253 468 1291 505 in
1318 468 1451 517 primis
1479 481 1569 507 con-

239 532 426 579 stituerat,
464 533 573 581 quod
612 546 702 569 eum
742 531 931 581 cupidum
972 546 1097 570 rerum
1141 546 1341 579 novarum,
1378 532 1567 582 cupidum
1588 547 1606 578 5

238 596 387 646 imperi,
430 597 559 647 magni
607 596 740 643 animi,
786 610 950 646 magnae
998 597 1096 636 inter
1145 600 1280 636 Gallos
1327 598 1568 636 auctoritatis

145 705 151 709 ς
202 680 215 701 2
238 670 483 713 cognoverat.
558 662 787 701 Accedebat
819 663 896 699 huc
926 664 1034 711 quod
1066 662 1104 699 in
1140 662 1307 700 concilio
1338 664 1566 702 Aeduorum

239 727 460 765 Dumnorix
489 726 638 764 dixerat
669 726 741 764 sibi
771 740 793 764 a
821 728 989 765 Caesare
1019 740 1180 776 regnum
1213 726 1376 764 civitatis
1405 727 1568 769 deferri;

237 793 345 841 quod
375 791 525 830 dictum
551 790 680 829 Aedui
710 790 874 840 graviter
900 791 1088 837 ferebant,
1112 804 1241 841 neque
1269 792 1473 830 recusandi
1501 801 1567 830 aut

236 856 475 906 deprecandi
511 870 628 894 causa
661 857 808 905 legatos
842 857 892 894 ad
925 857 1134 895 Caesarem
1170 856 1321 895 mittere
1355 858 1563 896 audebant.
1591 871 1629 893 10

200 933 217 963 3
238 923 286 960 Id
307 923 453 960 factum
474 936 520 960 ex
541 920 619 959 suis
640 920 861 970 hospitibus
884 922 1027 960 Caesar
1048 930 1292 971 cognoverat.
1354 924 1425 961 Ille
1445 923 1568 961 omni-

236 987 310 1026 bus
337 987 463 1036 primo
491 986 672 1037 precibus
697 993 829 1035 petere
856 987 1061 1025 contendit
1089 995 1129 1025 ut
1158 987 1195 1024 in
1225 987 1352 1025 Gallia
1379 988 1567 1038 relinque-

237 1060 350 1099 retur,
374 1052 513 1102 partim
539 1053 647 1101 quod
672 1051 847 1090 insuetus
874 1051 1083 1101 navigandi
1112 1066 1216 1091 mare
1241 1053 1404 1100 timeret,
1427 1054 1566 1103 partim

196 1133 216 1162 4
236 1118 345 1166 quod
380 1117 632 1167 religionibus
664 1116 843 1167 impediri
875 1131 960 1155 sese
989 1117 1146 1156 diceret.
1208 1120 1349 1157 Postea
1378 1132 1496 1168 quam
1527 1118 1567 1157 id

236 1182 432 1221 obstinate
467 1182 540 1221 sibi
571 1181 701 1232 negari
729 1182 836 1229 vidit,
865 1182 974 1221 omni
1005 1196 1074 1233 spe
1103 1183 1337 1233 impetrandi
1367 1185 1564 1235 adempta,
1589 1197 1626 1229 15

237 1247 431 1298 principes
467 1247 617 1286 Galliae
657 1247 875 1295 sollicitare,
910 1261 1092 1287 sevocare
1132 1248 1304 1299 singulos
1343 1249 1566 1299 hortarique

236 1312 366 1363 coepit
391 1313 446 1351 uti
476 1313 515 1351 in
544 1313 761 1352 continenti
792 1322 1064 1355 remanerent:
1103 1322 1208 1352 metu
1240 1313 1433 1352 territare:
1484 1328 1563 1353 non

197 1392 213 1422 5
236 1376 319 1414 sine
341 1391 457 1415 causa
478 1377 558 1415 fieri
580 1385 621 1415 ut
639 1377 765 1415 Gallia
786 1378 894 1416 omni
916 1377 1121 1416 nobilitate
1142 1377 1371 1427 spoliaretur
1386 1393 1395 1425 3
1419 1378 1459 1417 id
1479 1392 1565 1417 csse

236 1440 443 1479 consilium
466 1441 644 1480 Caesaris
672 1449 714 1479 ut
739 1455 839 1491 quos
870 1441 908 1479 in
940 1450 1154 1491 conspectu
1177 1442 1327 1480 Galliae
1347 1442 1564 1481 interficere

197 1517 214 1543 o
235 1514 428 1544 vereretur
448 1508 520 1545 hos
542 1506 670 1545 omnis
691 1507 730 1545 in
748 1507 990 1545 Britanniam
1013 1509 1211 1546 traductos
1232 1515 1387 1546 necaret
1403 1522 1412 1555 3
1443 1509 1563 1547 fidem
1586 1523 1624 1545 20

234 1572 391 1622 reliquis
418 1573 677 1623 interponere,
701 1573 760 1612 ius
785 1574 993 1612 iurandum
1021 1587 1183 1623 poscere
1208 1582 1250 1612 ut
1280 1575 1388 1624 quod
1413 1587 1498 1612 esse
1518 1588 1564 1612 ex

234 1651 306 1676 usu
328 1637 478 1676 Galliae
506 1637 785 1676 intellexissent
813 1637 1016 1676 communi
1041 1638 1206 1677 consilio
1234 1638 1560 1677 administrarent.

198 1709 212 1742 7
236 1704 349 1740 Haec
369 1717 392 1741 a
412 1702 680 1753 compluribus
701 1704 752 1741 ad
773 1704 982 1742 Caesarem
1005 1704 1289 1742 deferebantur.

190 1774 212 1813 7
289 1768 379 1815 Qua
403 1781 442 1805 re
467 1767 624 1817 cognita
645 1769 800 1814 Caesar,
824 1768 933 1817 quod
954 1775 1106 1806 tantum
1133 1767 1276 1806 civitati
1299 1769 1463 1807 Aeduae
1483 1767 1563 1818 dig-

234 1832 365 1870 nitatis
400 1832 606 1880 tribuebat,
637 1833 902 1871 coercendum
938 1840 1056 1883 atque
1095 1833 1373 1872 deterrendum
1405 1833 1563 1883 quibus·
1583 1849 1622 1882 25

197 1914 211 1935 2
233 1910 403 1947 cumque
424 1897 539 1935 rebus
560 1904 692 1946 posset
715 1896 1001 1946 Dumnorigem
1023 1897 1217 1935 statuebat
1233 1912 1242 1944 3
1280 1898 1389 1947 quod
1409 1897 1562 1947 longius

232 1961 315 1999 eius
353 1961 565 2000 amentiam
600 1961 780 2011 progredi
814 1961 983 2008 videbat,
1016 1962 1349 2011 prospiciendum,
1383 1976 1432 2001 ne
1466 1962 1562 2012 quid

195 2040 212 2069 3
232 2025 306 2064 sibi
326 2039 372 2064 ac
392 2026 445 2064 rei
466 2025 648 2076 publicae
673 2039 815 2065 nocere
836 2034 979 2076 posset.
1041 2028 1180 2076 Itaque
1201 2026 1285 2065 dies
1306 2026 1456 2065 circiter
1475 2039 1562 2065 xxv

232 2089 270 2127 in
299 2104 346 2128 eo
373 2092 462 2128 loco
492 2098 769 2138 commoratus,
795 2092 904 2141 quod
927 2092 1244 2130 Caurusventus
1272 2091 1560 2141 navigationem

231 2154 482 2204 impediebat,
501 2155 568 2205 qui
591 2169 773 2205 magnam
795 2162 945 2205 partem
971 2155 1100 2194 omnis
1122 2156 1308 2206 temporis
1329 2155 1368 2194 in
1389 2156 1444 2194 eis
1464 2156 1561 2195 locis
1580 2172 1622 2204 30

230 2219 321 2256 flare
361 2219 575 2266 consuevit,
608 2220 727 2259 dabat
762 2233 921 2270 operam
960 2227 1002 2258 ut
1041 2220 1079 2258 in
1115 2220 1244 2259 officio
1275 2220 1559 2270 Dumnorigem

230 2282 458 2330 contineret,
489 2284 612 2322 nihilo
642 2292 774 2323 tamen
805 2284 923 2324 setius
951 2284 1084 2323 omnia
1114 2284 1196 2323 eius
1226 2285 1388 2323 consilia
1419 2298 1560 2334 cogno-

192 2361 210 2390 4
230 2355 377 2393 sceret;
412 2351 571 2388 tandem
600 2349 784 2389 idoneam
813 2357 950 2388 nactus
977 2357 1250 2399 tempestatem
1282 2349 1423 2388 milites
1454 2349 1559 2399 equi-

274 2461 313 2488 27
341 2452 615 2491 prospiciendum
635 2451 715 2487 MB:
743 2452 1014 2492 perspiciendum
1033 2451 1115 2482 AB'
1246 2462 1289 2490 30
1312 2451 1393 2482 loeis
1411 2461 1474 2483 om.
1495 2464 1514 2481 α
