1768 2739
451 131 526 167 DE
556 129 737 167 BELLO
766 129 1013 168 GALLICO
1043 130 1145 167 LIB.
1177 131 1236 167 VI

180 242 399 281 docuimus.
459 244 681 280 Transeunt
702 242 891 279 Rhenum
913 241 1078 279 navibus
1099 241 1325 292 ratibusque
1349 241 1504 291 triginta
1523 246 1542 278 6

181 306 338 345 milibus
367 320 554 357 passuum
583 305 682 344 infra
705 319 797 344 eum
824 306 955 344 locum
982 306 1050 344 ubi
1075 319 1175 356 pons
1202 314 1282 345 erat
1308 308 1503 357 perfectus

180 372 495 422 praesidiumque
547 371 597 409 ab
638 372 805 410 Caesare
843 370 1032 417 relictum,
1083 370 1229 420 primos
1269 372 1502 410 Eburonum

180 436 268 474 finis
298 438 456 483 adeunt,
502 437 646 474 multos
678 448 726 474 ex
757 437 848 485 fuga
878 434 1075 485 dispersos
1115 435 1324 484 excipiunt,
1359 449 1503 485 magno

143 513 160 544 5
178 499 330 550 pecoris
359 513 534 546 numero,
566 499 677 537 cuius
707 506 797 537 sunt
826 498 1071 549 cupidissimi
1100 499 1264 546 barbari,
1288 499 1500 550 potiuntur.

180 564 337 603 Invitati
358 565 503 615 praeda
522 563 675 614 longius
695 565 926 614 procedunt.
986 565 1079 602 Non
1100 565 1173 602 hos
1194 566 1304 614 palus
1331 564 1371 602 in
1398 566 1504 603 bello
1528 576 1542 608 7

178 628 468 679 latrociniisque
494 636 617 676 natos,
641 642 722 667 non
743 629 861 667 silvae
886 636 1097 668 morantur.
1157 629 1313 677 Quibus
1340 629 1380 667 in
1407 630 1504 668 locis

178 693 226 732 sit
258 695 402 734 Caesar
430 708 477 733 ex
506 693 667 744 captivis
699 702 916 744 quaerunt3
959 695 1179 744 profectum
1214 694 1367 745 longius
1398 709 1504 745 repe-

179 758 292 806 riunt,
315 772 556 809 omnemque
576 759 788 797 exercitum
809 759 1034 798 discessisse
1055 767 1310 809 cognoscunt.
1371 761 1503 809 Atque
1524 770 1542 799 8

123 835 161 857 10
179 837 280 862 unus
313 838 360 862 ex
393 823 565 873 captivis,
606 822 739 872 ‘Quid
773 825 866 871 vos‚’
901 824 1036 874 inquit,
1078 825 1203 862 ‘hanc
1242 824 1423 863 miseram
1456 838 1503 862 ac

179 895 337 926 tenuem
367 887 570 926 sectamini
600 889 796 938 praedam,
821 888 963 938 quibus
994 888 1084 926 licet
1113 888 1189 926 iam
1220 902 1305 927 esse
1334 890 1503 927 fortuna-

179 951 379 991 tissimos?
434 951 577 990 Tribus
611 952 715 991 horis
748 953 996 991 Aduatucam
1032 952 1163 991 venire
1197 952 1383 1003 potestis:
1425 955 1503 991 huc
1523 967 1542 997 9

179 1016 306 1055 omnis
337 1030 425 1055 suas
455 1018 628 1055 fortunas
658 1017 846 1056 exercitus
878 1019 1149 1056 Romanorum
1179 1018 1369 1066 contulit;
1398 1032 1504 1068 prae-

179 1081 253 1119 sidi
283 1088 435 1119 tantum
470 1089 527 1120 est
561 1089 603 1120 ut
638 1095 686 1120 ne
722 1096 853 1120 murus
885 1082 1045 1132 quidem
1077 1082 1180 1133 cingi
1215 1083 1337 1133 possit
1376 1097 1505 1133 neque

123 1158 159 1189 ¹5
180 1145 387 1196 quisquam
427 1145 557 1196 egredi
596 1153 701 1184 extra
741 1145 978 1185 munitiones
1018 1148 1187 1185 audeat.’
1258 1148 1402 1186 Oblata
1437 1161 1505 1198 spe
1529 1161 1567 1182 10

180 1210 366 1249 Germani
387 1224 505 1260 quam
527 1211 628 1249 nacti
655 1219 763 1249 erant
792 1212 976 1261 praedam
1005 1211 1045 1249 in
1070 1213 1227 1250 occulto
1258 1211 1481 1262 relinquunt
1495 1227 1506 1260 3

178 1274 251 1325 ipsi
281 1276 529 1313 Aduatucam
563 1277 818 1323 contendunt,
859 1276 918 1314 usi
949 1277 1091 1315 eodem
1127 1277 1230 1315 duce
1264 1277 1374 1315 cuius
1408 1278 1505 1316 haec

177 1339 324 1378 indicio
345 1348 617 1390 cognoverant.

231 1404 380 1451 Cicero,
418 1404 485 1454 qui
524 1405 651 1443 omnis
691 1405 907 1455 superiores
946 1405 1030 1444 dies
1071 1406 1288 1456 praeceptis
1327 1406 1504 1446 Caesaris
1524 1405 1578 1451 36

120 1483 159 1504 20
178 1482 267 1507 cum
293 1482 446 1507 summa
471 1468 671 1519 diligentia
700 1469 841 1508 milites
871 1470 910 1508 in
938 1470 1071 1508 castris
1103 1470 1361 1509 continuisset
1380 1484 1426 1509 ac
1456 1484 1505 1509 ne

178 1535 357 1571 calonem
375 1533 535 1582 quidem
553 1547 793 1584 quemquam
812 1542 917 1573 extra
940 1534 1199 1574 munitionem
1217 1535 1347 1585 egredi
1368 1548 1505 1585 passus

178 1606 289 1645 esset,
322 1597 489 1648 septimo
521 1598 586 1636 die
618 1598 800 1637 diffidens
832 1600 882 1637 de
914 1612 1079 1637 numero
1113 1599 1265 1638 dierum
1296 1601 1505 1639 Caesarem

178 1664 298 1701 fidem
319 1670 569 1710 servaturum,
595 1664 703 1712 quod
725 1662 877 1713 longius
905 1676 1149 1713 progressum
1171 1663 1356 1702 audiebat
1376 1677 1505 1714 neque

178 1728 256 1765 ulla
290 1728 340 1766 de
374 1727 499 1766 reditu
540 1727 622 1765 eius
662 1729 764 1765 fama
803 1728 1061 1775 adserebatur,
1097 1728 1211 1766 simul
1251 1742 1385 1767 eorum
1424 1742 1541 1779 per-2

121 1804 157 1835 25
180 1799 308 1830 motus
347 1792 509 1830 vocibus
549 1791 616 1842 qui
655 1791 755 1829 illius
796 1791 1023 1841 patientiam
1064 1806 1189 1842 paene
1235 1793 1505 1832 obsessionem

177 1857 437 1907 appellabant,
463 1856 657 1906 siquidem
687 1870 733 1895 ex
761 1856 894 1895 castris
925 1856 1056 1907 egredi
1087 1871 1167 1896 non
1188 1857 1329 1905 liceret,
1354 1859 1505 1896 nullum

178 1921 371 1960 eiusmodi
402 1936 536 1961 casum
568 1930 796 1972 exspectans
828 1936 918 1973 quo,
955 1935 1097 1960 novem
1129 1922 1319 1972 oppositis
1348 1922 1505 1972 legioni-

177 1986 250 2024 bus
272 1986 521 2037 maximoque
539 1987 723 2037 equitatu,
742 1988 924 2038 dispersis
947 2001 993 2026 ac
1016 2001 1141 2038 paene
1159 1986 1296 2025 deletis
1312 1987 1501 2034 hostibus,

178 2050 217 2088 in
248 2051 403 2090 milibus
431 2065 616 2102 passuum
639 2052 760 2091 tribus
788 2053 935 2092 offendi
961 2060 1103 2103 posset,
1130 2052 1304 2102 quinque
1334 2051 1504 2090 cohortis

118 2125 158 2157 30
178 2117 457 2154 frumentatum
478 2116 517 2154 in
538 2116 732 2167 proximas
754 2126 902 2169 segetes
930 2117 1056 2165 mittit,
1084 2131 1181 2167 quas
1204 2116 1303 2154 inter
1322 2123 1360 2154 et
1380 2123 1504 2154 castra

177 2194 278 2219 unus
306 2180 469 2220 omnino
498 2181 607 2220 collis
635 2181 825 2221 intererat.
886 2185 1120 2233 Complures
1153 2190 1261 2221 erant
1282 2195 1327 2220 ex
1348 2180 1504 2232 legioni·
1524 2196 1542 2227 3

177 2245 250 2283 bus
285 2245 387 2295 aegri
419 2245 565 2294 relicti3
605 2260 651 2284 ex
682 2246 824 2296 quibus
860 2247 925 2297 qui
966 2249 1041 2286 hoc
1074 2247 1199 2298 spatio
1233 2246 1383 2286 dierum
1414 2259 1504 2284 con-

177 2310 377 2348 valuerant
398 2309 547 2349 circiter
563 2310 724 2350 trecenti
741 2311 815 2350 sub
835 2311 975 2350 vexillo
996 2325 1074 2350 una
1094 2311 1300 2351 mittuntur
1316 2326 1326 2359 3
1362 2325 1503 2362 magna
1522 2326 1541 2356 4

562 2424 598 2454 14
624 2425 666 2446 ne
683 2425 797 2446 murus
820 2415 864 2446 T:
891 2426 1049 2447 numerus
1065 2416 1124 2447 αἱ]
