1768 2739
426 113 500 149 DE
530 111 710 149 BELLO
740 111 984 150 GALLICO
1014 112 1116 149 LIB.
1147 112 1207 149 VI

156 235 258 272 quae
284 221 360 260 sint
387 220 621 268 testimonio,
645 233 827 270 magnam
848 221 975 258 ferunt
1003 222 1173 260 laudem.
1232 223 1311 261 Sed
1331 235 1479 261 assues·
1499 239 1518 269 4

156 299 243 325 cere
262 287 314 325 ad
334 285 512 325 homines
537 292 576 323 et
601 283 848 323 mansuefieri
877 298 928 323 ne
962 285 1111 335 parvuli
1138 286 1299 336 quidem
1327 286 1479 336 excepti

156 357 329 401 possunt.
388 348 621 399 Amplitudo
641 361 832 387 cornuum
859 356 897 387 et
921 350 1042 399 figura
1068 357 1107 388 et
1133 350 1283 400 species
1310 353 1478 389 multum
1500 364 1517 395 5

155 428 178 453 a
197 422 419 454 nostrorum
435 414 555 452 bourn
576 413 761 452 cornibus
782 413 921 452 differt.
983 416 1097 452 Haec
1117 414 1293 452 studiose
1317 415 1479 464 conqui-
1499 417 1518 448 6

117 489 134 520 5
155 479 228 518 sita
255 480 306 518 ab
336 478 451 518 labris
480 485 640 528 argento
667 477 985 517 circumcludunt
1013 485 1132 528 atque
1157 478 1197 516 in
1226 479 1477 528 amplissimis

155 544 279 594 epulis
299 557 369 594 pro
389 543 539 594 poculis
560 550 731 582 utuntur.

209 610 362 655 Caesar,
381 615 590 658 postquam
607 621 674 658 per
690 607 819 647 Ubios
839 609 1101 658 exploratores
1117 607 1309 657 comperit
1325 609 1477 647 Suebos
1499 616 1553 652 29

155 686 240 711 sese
268 672 308 710 in
334 671 448 710 silvas
476 672 679 722 recepisse,
702 672 877 722 inopiam
907 672 1092 710 frumenti
1118 672 1262 711 veritus
1289 674 1408 722 quod,
1437 680 1478 711 ut

155 751 270 787 supra
282 736 646 784 demonstravimus,
667 736 828 775 minime
848 750 986 775 omnes
1001 736 1187 775 Germani
1206 736 1286 787 agri
1303 738 1478 775 culturae

97 815 135 836 10
155 802 323 847 student,
358 800 559 840 constituit
591 814 671 839 non
702 800 882 851 progredi
912 800 1065 850 longius
1079 815 1090 849 3
1124 802 1204 847 sed,
1236 815 1285 839 ne
1314 801 1478 839 omnino
1503 819 1518 839 2

155 872 303 903 metum
333 865 479 904 reditus
506 864 564 903 sui
588 864 761 903 barbaris
788 866 940 903 tolleret
967 872 1086 914 atque
1106 872 1149 903 ut
1173 879 1310 904 eorum
1337 865 1480 903 auxilia

154 931 331 976 tardaret,
373 931 537 969 reducto
583 930 753 968 exercitu
793 937 943 980 partem
987 929 1164 968 ultimam
1203 930 1334 980 pontis
1377 944 1479 980 quae

153 994 254 1044 ripas
277 993 472 1033 Ubiorum
497 994 749 1044 contingebat
772 994 812 1032 in
838 994 1127 1045 longitudinem
1158 996 1305 1044 pedum
1335 996 1479 1033 ducen-

154 1066 282 1096 torum
303 1058 497 1105 rescindit,
521 1066 639 1108 atque
659 1058 699 1096 in
720 1066 892 1097 extremo
914 1066 1035 1109 ponte
1056 1058 1189 1097 turrim
1215 1060 1477 1098 tabulatorum
1503 1071 1520 1100 3

96 1139 131 1170 15
153 1130 337 1173 quattuor
379 1122 581 1161 constituit
630 1122 947 1173 praesidiumque
995 1123 1216 1161 cohortium
1265 1123 1477 1162 duodecim

153 1187 283 1237 pontis
316 1187 451 1226 tuendi
486 1200 604 1226 causa
642 1187 753 1237 ponit
793 1187 1022 1237 magnisque
1060 1201 1151 1226 eum
1186 1189 1317 1226 locum
1356 1188 1480 1228 muni-

154 1251 325 1290 tionibus
347 1253 483 1290 firmat.
544 1251 591 1290 Ei
612 1253 701 1290 loco
721 1251 995 1303 praesidioque
1012 1253 1055 1291 C.
1076 1251 1301 1290 Volcatium
1318 1253 1479 1290 Tullum
1502 1266 1517 1295 4

152 1317 446 1355 adulescentem
476 1316 671 1366 praefecit.
743 1318 843 1366 Ipse,
876 1329 966 1354 cum
998 1323 1257 1355 maturescere
1286 1318 1481 1355 frumenta

153 1380 378 1430 inciperent,
401 1381 453 1419 ad
477 1381 623 1419 bellurn
646 1380 883 1431 Ambiorigis
914 1382 1109 1431 profectus
1131 1394 1199 1431 per
1220 1382 1478 1420 Arduennam

93 1463 133 1484 20
152 1445 299 1494 silvam,
340 1459 442 1496 quae
482 1454 541 1484 est
583 1446 702 1484 totius
742 1446 892 1484 Galliae
934 1446 1101 1484 maxima
1140 1454 1259 1496 atque
1296 1447 1347 1484 ab
1387 1446 1479 1497 ripis

154 1511 284 1549 Rheni
311 1510 535 1560 finibusque
563 1512 821 1549 Treverorum
848 1512 899 1549 ad
925 1511 1090 1550 Nervios
1115 1511 1282 1561 pertinet
1309 1511 1481 1550 milibus-

152 1588 229 1624 que
249 1574 416 1625 amplius
437 1574 660 1624 quingentis
680 1574 720 1612 in
740 1575 1026 1624 longitudinem
1048 1583 1163 1625 patet,
1188 1577 1231 1614 L.
1257 1576 1479 1615 Minucium

154 1639 329 1677 Basilum
371 1652 463 1677 cum
507 1639 616 1677 omni
657 1638 832 1688 equitatu
872 1639 1093 1688 praemittit,
1140 1639 1170 1677 si
1215 1640 1310 1689 quid
1353 1641 1483 1679 celeri-

153 1711 230 1742 tate
254 1703 400 1742 itineris
423 1710 542 1753 atque
569 1703 862 1753 opportunitate
887 1704 1073 1754 temporis
1104 1705 1292 1754 proficere
1324 1713 1458 1754 posset
1472 1720 1483 1753 3

94 1785 130 1817 25
152 1774 287 1806 monet
329 1775 371 1806 ut
410 1767 508 1817 ignis
550 1767 631 1806 fieri
670 1767 710 1805 in
751 1767 884 1806 castris
927 1768 1142 1818 prohibeat,
1189 1782 1238 1807 ne
1279 1783 1356 1819 qua
1400 1769 1483 1808 eius
1504 1789 1521 1820 5

151 1833 343 1871 adventus
377 1833 514 1881 procul
545 1831 776 1882 significatio
806 1833 895 1870 fiat:
934 1845 1019 1871 sese
1051 1832 1258 1871 confestim
1295 1834 1482 1884 subsequi

151 1897 256 1936 dicit.

206 1961 356 1999 Basilus
395 1969 437 1999 ut
478 1961 711 2011 imperatum
756 1969 814 2000 est
858 1961 958 2000 facit.
1036 1961 1222 2002 Celeriter
1267 1969 1481 2013 contraque
1504 1969 1556 2005 30

151 2025 328 2063 omnium
367 2024 596 2075 opinionem
634 2027 816 2065 confecto
859 2026 996 2065 itinere
1035 2028 1178 2065 multos
1220 2026 1258 2064 in
1294 2027 1393 2076 agris
1430 2027 1484 2064 in-

92 2108 132 2138 30
151 2089 347 2140 opinantis
363 2090 622 2139 deprehendit
638 2105 645 2128 ε
675 2104 810 2129 eorum
824 2090 971 2129 indicio
991 2091 1041 2129 ad
1062 2090 1190 2140 ipsum
1209 2090 1480 2140 Ambiorigem

151 2154 356 2193 contendit
376 2168 456 2204 quo
476 2154 516 2192 in
536 2156 625 2193 loco
649 2168 739 2193 cum
764 2154 900 2205 paucis
927 2154 1124 2204 equitibus
1149 2168 1234 2193 esse
1263 2154 1477 2193 dicebatur.

155 2220 328 2258 Multum
360 2232 450 2257 cum
480 2217 520 2256 in
549 2218 734 2258 omnibus
765 2219 881 2258 rebus
911 2226 993 2258 tum
1026 2218 1065 2256 in
1095 2232 1134 2257 re
1164 2218 1318 2257 militari
1350 2226 1479 2269 potest
1505 2234 1519 2254 2

193 2335 214 2363 9
236 2324 391 2354 homines
410 2323 607 2364 Oudendotp
762 2334 803 2363 23
829 2324 989 2355 Basilium
1006 2323 1044 2353 X
1172 2325 1213 2354 28
1239 2324 1383 2354 Basilius
1399 2323 1437 2353 X
