1706 2729
608 142 650 178 C.
686 140 800 176 IVLI
833 141 1101 177 CAESARIS

153 272 167 292 2
190 253 259 291 sed
279 253 330 290 ad
351 264 465 289 suum
485 250 684 289 arbitrium
706 250 894 301 imperare
921 263 1140 288 consuesse.
1200 250 1239 288 Si
1261 250 1342 301 ipse
1366 253 1512 302 populo

191 318 375 354 Romano
395 329 475 354 non
495 314 772 366 praescriberet
797 328 914 365 quem
938 316 989 353 ad
1016 316 1179 354 modum
1201 328 1272 354 suo
1292 315 1372 354 iure
1392 323 1513 355 utere-

189 388 259 428 tur,
276 394 356 418 non
377 387 555 430 oportere
571 393 655 418 sese
670 392 693 417 a
708 381 855 429 populo
873 381 1056 418 Romano
1072 379 1111 417 in
1128 393 1199 418 suo
1220 379 1300 418 iure
1320 379 1509 431 impediri.

152 456 169 486 3
189 446 350 484 Aeduos
380 445 463 492 sibi,
488 444 673 494 quoniam
704 444 796 482 belli
826 445 1020 482 fortunam
1050 452 1306 494 temptassent
1332 453 1370 483 et
1396 445 1512 483 armis

146 527 166 556 4
188 509 384 560 congressi
403 522 449 547 ac
470 508 638 558 superati
659 515 798 555 essent,
818 507 1089 558 stipendiarios
1106 521 1190 547 esse
1210 510 1342 547 factos.
1403 511 1512 560 Mag-

185 588 276 613 nam
302 575 509 614 Caesarem
540 573 719 611 iniuriam
749 575 886 620 facere,
913 573 980 623 qui
1009 586 1081 611 suo
1109 574 1279 612 adventu
1309 573 1510 625 vectigalia

144 659 161 691 5
184 639 258 679 sibi
288 639 479 678 deteriora
508 640 660 676 faceret.
721 638 870 676 Aeduis
900 651 941 676 se
970 637 1128 676 obsides
1158 637 1399 676 redditurum
1428 651 1509 676 non

123 727 128 731 »
182 718 276 752 esse,
300 718 429 754 neque
449 703 509 741 his
529 716 658 753 neque
680 716 815 741 eorum
837 702 951 741 sociis
968 702 1105 740 iniuria
1121 702 1267 740 bellum
1286 702 1504 749 inlaturum,

181 769 211 807 si
228 769 267 807 in
281 782 329 807 eo
350 775 552 806 manerent
572 768 680 817 quod
701 767 947 805 convenisset
968 766 1286 816 stipendiumque
1299 766 1507 816 quotannis

180 834 420 883 penderent:
451 832 482 870 si
506 832 546 870 id
573 845 653 870 non
678 831 870 878 fecissent,
894 833 1009 881 longe
1037 830 1096 868 his
1124 832 1334 869 fraternum
1361 844 1507 869 nomen

140 914 159 945 6
179 898 315 948 populi
337 896 508 935 Romani
528 897 734 934 afuturum.
796 897 917 945 Quod
942 895 1014 934 sibi
1037 897 1180 935 Caesar
1200 895 1446 935 denuntiaret
1466 910 1507 934 se

179 963 408 1001 Aeduorum
436 961 593 999 iniurias
621 974 700 999 non
728 963 1006 1011 neglecturum,
1032 961 1230 1000 neminem
1260 975 1393 1000 secum
1424 961 1506 1000 sine

142 1042 158 1076 7
178 1040 246 1065 sua
267 1026 438 1077 pernicie
459 1026 718 1065 contendisse.
780 1027 883 1065 Cum
899 1028 1024 1073 vellet,
1045 1027 1367 1076 congrederetur:
1398 1026 1505 1065 intel-

176 1093 367 1130 lecturum
389 1091 483 1141 quid
508 1091 639 1129 invicti
669 1092 866 1138 Germani,
890 1091 1195 1130 exercitatissimi
1222 1092 1261 1130 in
1288 1092 1413 1140 armis,
1437 1093 1504 1143 qui

176 1156 274 1195 inter
294 1169 419 1194 annos
439 1168 534 1193 X1111
557 1164 703 1194 tectum
725 1169 805 1194 non
826 1156 1032 1203 subissent,
1056 1156 1196 1195 virtute
1215 1165 1386 1207 possent.

105 1226 153 1264 37
230 1223 343 1260 Haec
373 1222 515 1260 eodem
547 1228 722 1271 tempore
753 1221 910 1260 Caesari
944 1222 1128 1260 mandata
1160 1222 1432 1268 referebantur,
1465 1229 1503 1260 et

138 1302 152 1322 2
174 1286 288 1336 legati
315 1287 364 1324 ab
386 1286 535 1325 Aeduis
566 1293 603 1324 et
629 1299 651 1323 a
678 1285 856 1324 Treveris
896 1285 1128 1324 veniebant:
1160 1286 1289 1324 Aedui
1319 1294 1501 1336 questum

173 1353 281 1400 quod
299 1352 493 1397 Harudes,
513 1350 579 1400 qui
599 1364 723 1400 nuper
742 1350 782 1387 in
800 1350 966 1388 Galliam
988 1350 1234 1400 transportati
1255 1358 1393 1397 essent,
1413 1350 1501 1388 finis

173 1429 307 1453 eorum
328 1417 606 1465 popularentur
620 1429 630 1461 ,-
659 1427 743 1452 sese
765 1428 813 1452 ne
834 1414 1038 1452 obsidibus
1060 1414 1220 1464 quidem
1241 1414 1340 1453 datis
1361 1429 1498 1465 pacem

134 1498 150 1526 3
171 1480 355 1519 Ariovisti
386 1480 576 1519 redimere
606 1479 802 1530 potuisse:
832 1480 990 1518 Treveri
1019 1487 1162 1527 autem,
1190 1493 1310 1530 pagos
1339 1488 1497 1519 centum

170 1545 390 1583 Sueborum
418 1545 469 1583 ad
496 1544 596 1594 ripas
619 1543 749 1582 Rheni
777 1544 1012 1591 consedisse,
1037 1544 1103 1594 qui
1126 1545 1311 1582 Rhenum
1338 1545 1498 1583 transire

170 1618 428 1657 conarentur,
476 1609 534 1647 his
573 1622 752 1659 praeesse
784 1610 958 1647 Nasuam
998 1617 1036 1647 et
1069 1609 1312 1648 Cimberium
1351 1611 1494 1648 fratres.

130 1688 148 1716 4
171 1674 326 1722 Quibus
361 1675 475 1712 rebus
508 1674 652 1712 Caesar
682 1674 934 1711 vehementer
967 1680 1189 1711 commotus
1221 1675 1495 1712 maturandum

169 1738 241 1776 sibi
263 1738 504 1784 existimavit,
529 1751 588 1784 ne,
612 1737 643 1775 si
664 1750 765 1775 nova
792 1750 929 1775 manus
950 1738 1170 1775 Sueborum
1191 1750 1280 1775 cum
1302 1737 1496 1776 veteribus

167 1802 289 1852 copiis
311 1802 495 1840 Ariovisti
516 1815 601 1840 sese
621 1801 895 1849 coniunxisset,
920 1801 1048 1839 minus
1068 1801 1180 1840 facile
1201 1800 1324 1840 resisti
1349 1810 1491 1851 posset.

130 1873 145 1902 5
168 1869 308 1917 Itaque
347 1882 386 1906 re
425 1867 675 1905 frumentaria
704 1880 823 1917 quam
862 1867 1060 1905 celerrime
1099 1866 1227 1917 potuit
1255 1874 1489 1917 comparata,

167 1931 316 1982 magnis
337 1932 538 1970 itineribus
559 1933 610 1971 ad
631 1932 870 1970 Ariovistum
891 1932 1104 1970 contendit.

94 1999 144 2044 38
220 1997 322 2035 Cum
343 1996 459 2035 tridui
480 1996 582 2035 viam
604 1997 864 2047 processisset,
882 1997 1103 2035 nuntiatum
1124 2005 1182 2036 est
1202 1998 1237 2036 ei
1253 1997 1491 2036 Ariovistum

164 2075 253 2098 cum
275 2061 353 2099 suis
375 2061 559 2100 omnibus
577 2061 699 2111 copiis
715 2063 766 2100 ad
782 2063 1057 2112 occupandum
1072 2062 1367 2110 Vesontionem,
1384 2063 1492 2112 quod

163 2132 221 2163 est
250 2126 441 2176 oppidum
473 2126 686 2164 maximum
714 2128 996 2176 Sequanorum,
1027 2129 1266 2166 contendere
1294 2127 1491 2177 triduique
1511 2159 1520 2167 .

127 2202 141 2223 2
162 2189 263 2227 viam
280 2203 301 2227 a
317 2190 395 2228 suis
413 2191 557 2229 finibus
577 2190 797 2241 profecisse.
860 2192 908 2229 Id
924 2205 973 2229 ne
992 2191 1196 2239 accideret,
1214 2205 1356 2242 magno
1372 2205 1489 2241 opere

126 2267 143 2297 3
163 2254 235 2293 sibi
265 2257 579 2305 praecavendum
611 2257 754 2295 Caesar
783 2256 1038 2295 existimabat.
1099 2258 1282 2307 Namque
1311 2255 1487 2294 omnium

163 2332 288 2358 rerum
316 2333 417 2368 quae
443 2321 493 2359 ad
513 2321 660 2359 bellum
686 2320 771 2358 usui
799 2328 906 2359 erant
933 2334 1085 2359 summa
1112 2329 1191 2359 erat
1211 2320 1250 2358 in
1271 2333 1319 2358 eo
1339 2320 1487 2370 oppido

467 2431 502 2451 21
533 2422 721 2453 Sueborum
740 2422 849 2454 z'nsca'r.
869 2434 874 2451 z
902 2423 1089 2454 Suevorum
1110 2422 1141 2451 A·

1531 521 1548 552 5

1529 842 1567 865 ῘΟ

1527 1168 1561 1199 15

1520 1492 1559 1514 20

1517 1816 1554 1846 25

1513 2137 1551 2165 ⁹,0
