1768 2739
410 153 482 188 DE
514 152 693 189 BELLO
724 152 968 190 GALLICO
1000 153 1100 188 LIB.
1136 153 1240 189 VIII

163 260 314 298 initium
361 260 451 298 belli
496 274 580 298 esse
627 268 764 307 ortum,
807 262 914 310 quod
962 262 1168 311 praecipue
1215 276 1281 300 eos·
1330 271 1485 313 propter

163 325 442 363 conscientiam
493 325 583 363 facti
629 324 765 363 timere
811 325 1154 373 animadvertebat,
1197 340 1275 376 quo
1323 327 1484 365 celerius

163 389 358 428 civitatem
388 389 527 428 timore
556 389 744 436 liberaret,
767 389 980 440 principem
1014 391 1167 429 sceleris
1196 391 1297 429 illius
1328 400 1365 430 et
1394 406 1485 430 con—

163 453 364 492 citatorem
393 454 485 492 belli
520 455 755 492 Gutruatum
789 455 840 493 ad
871 453 1105 504 supplicium
1137 455 1324 504 deposcit.
1403 456 1483 504 Qui
1503 469 1522 497 4

125 532 141 563 5
162 517 233 556 etsi
253 532 303 557 ne
323 517 471 556 civibus
492 517 651 567 quidem
679 517 757 556 suis
784 531 825 556 se
855 517 1136 565 committebat,
1159 526 1289 557 tamen
1310 520 1484 558 celeriter

162 582 338 622 omnium
367 596 458 620 cura
487 582 684 632 quaesitus
716 582 757 620 in
788 590 912 621 castra
942 583 1174 633 perducitur.
1254 584 1415 634 Cogitur
1444 584 1483 622 in
1504 598 1520 628 5

161 647 243 686 eius
283 647 519 697 supplicium
560 649 704 686 Caesar
744 655 879 686 contra
919 661 1029 685 suam
1070 655 1248 686 naturam
1291 662 1483 687 concursu

160 711 330 750 maximo
357 711 535 758 militum,
557 711 625 761 qui
651 711 686 750 ei
711 711 844 750 omnia
870 712 1042 762 pericula
1069 719 1107 750 et
1134 712 1367 751 detrimenta
1391 713 1484 751 belli

158 783 319 826 accepta
347 776 574 822 referebant,
595 776 697 814 adeo
726 783 769 813 ut
797 776 1021 814 verberibus
1051 775 1313 814 exanimatum
1343 790 1483 827 corpus

102 853 141 875 10
160 839 283 878 securi
303 839 485 878 feriretur.

215 903 275 942 Ibi
296 903 438 943 crebris
458 903 592 942 litteris
614 904 756 944 Canini
784 905 826 942 fit
850 904 989 943 certior
1013 918 1113 955 quae
1140 906 1190 944 de
1215 907 1415 956 Drappete
1445 914 1483 945 et
1502 910 1556 947 39

159 967 341 1007 Lucterio
378 976 486 1019 gesta
528 976 658 1007 essent
705 982 863 1019 quoque
911 969 951 1007 in
999 969 1162 1008 consilio
1210 980 1482 1020 permanerent

158 1032 354 1082 oppidani.
426 1034 605 1081 Quorum
640 1033 711 1072 etsi
749 1033 986 1083 paucitatem
1026 1035 1314 1081 contemnebat,
1350 1043 1481 1074 tamen
1505 1053 1519 1074 2

157 1097 408 1147 pertinaciam
442 1111 582 1148 magna
613 1111 742 1148 poena
775 1112 859 1137 esse
893 1098 1156 1138 adficiendam
1191 1098 1399 1147 iudicabat,
1433 1115 1482 1139 ne

99 1174 136 1205 15
157 1161 335 1201 universa
378 1163 505 1201 Gallia
544 1176 624 1202 non
667 1163 741 1202 sibi
780 1163 877 1202 vires
926 1163 1095 1202 defuisse
1133 1165 1183 1202 ad
1222 1164 1481 1204 resistendum

158 1227 350 1266 Romanis
398 1229 467 1266 sed
515 1228 775 1267 constantiam
824 1236 976 1278 putaret
1023 1242 1122 1267 neve
1169 1229 1245 1267 hoc
1302 1231 1481 1280 exemplo

156 1300 306 1331 ceterae
327 1292 501 1332 civitates
522 1295 697 1332 locorum
725 1294 1017 1344 opportunitate
1038 1295 1156 1332 fretae
1177 1307 1218 1332 se
1238 1293 1481 1332 vindicarent

155 1355 195 1394 in
216 1356 445 1405 libertatem,
461 1371 551 1396 cum
568 1358 752 1396 omnibus
770 1358 891 1397 Gallis
907 1366 1046 1396 notum
1064 1371 1149 1397 esse
1165 1358 1278 1396 sciret
1292 1358 1479 1408 reliquam
1501 1375 1519 1405 3

155 1434 240 1460 esse
280 1435 399 1460 unam
438 1429 627 1461 aestatem
666 1435 759 1461 suae
799 1422 1033 1472 provinciae,
1070 1435 1188 1472 quam
1227 1422 1257 1460 si
1292 1422 1481 1460 sustinere
1518 1467 1520 1470 .

98 1499 135 1520 20
154 1486 383 1535 potuissent,
429 1488 579 1525 nullum
628 1488 727 1525 ultra
769 1487 984 1537 periculum
1033 1493 1264 1526 vererentur.
1343 1488 1482 1537 Itaque
1502 1498 1521 1527 4

156 1551 204 1598 Q.
238 1553 430 1590 Calenum
460 1553 630 1601 legatum
661 1565 751 1589 cum
791 1551 1010 1601 legionibus
1050 1552 1203 1590 duabus
1232 1550 1387 1601 reliquit
1416 1550 1483 1600 qui

154 1615 263 1654 iustis
293 1615 494 1655 itineribus
522 1630 562 1655 se
589 1616 916 1666 subsequeretur3
955 1616 1037 1666 ipse
1064 1629 1154 1654 cum
1179 1615 1287 1654 omni
1308 1614 1483 1666 equitatu

154 1693 272 1729 quam
293 1687 422 1730 potest
442 1680 641 1719 celerrime
661 1682 711 1719 ad
733 1680 943 1720 Caninium
964 1679 1177 1719 contendit.

209 1746 353 1784 Caesar
372 1759 463 1784 cum
483 1753 618 1785 contra
639 1745 971 1796 exspectationem
989 1745 1165 1784 omnium
1183 1746 1479 1785 Uxellodunum
1498 1748 1554 1785 40

98 1822 133 1854 25
154 1809 322 1848 venisset
376 1810 646 1861 oppidumque
693 1810 876 1861 operibus
924 1812 1100 1849 clausum
1156 1810 1481 1848 animadverteret

154 1888 282 1924 neque
329 1875 378 1913 ab
422 1875 714 1926 oppugnatione
757 1876 887 1914 recedi
931 1876 1079 1915 videret
1122 1876 1200 1914 ulla
1246 1874 1481 1913 condicione

154 1951 279 1988 posse,
303 1953 443 1990 magna
463 1948 594 1978 autem
616 1939 933 1991 copia'frumenti
959 1942 1160 1980 abundare
1187 1940 1407 1991 oppidanos
1435 1954 1481 1978 ex

154 2003 322 2053 perfugis
343 2013 560 2054 cognosset,
583 2019 684 2055 aqua
712 2006 918 2056 prohibere
944 2008 1098 2045 hostem
1126 2013 1316 2055 temptare
1337 2004 1477 2054 coepit.

155 2070 320 2107 Flumen
334 2068 508 2108 infimam
521 2072 661 2109 vallem
677 2070 888 2118 dividebat,
905 2085 1005 2121 quae
1021 2079 1147 2110 toturn
1165 2085 1289 2122 paene
1304 2077 1479 2108 montem
1501 2080 1515 2101 2

95 2142 136 2174 30
154 2133 345 2184 cingebat,
367 2133 407 2172 in
428 2148 506 2184 quo
526 2135 697 2186 positum
718 2144 798 2175 erat
818 2144 1069 2188 praeruptum
1091 2137 1266 2187 undique
1289 2135 1479 2186 oppidum

197 2246 215 2275 4
239 2237 455 2268 Gutruatrum
471 2237 547 2272 AB:
573 2238 753 2270 Cotuatum
766 2239 888 2279 Frzgell
982 2250 1001 2280 5
1025 2240 1096 2272 suis
1112 2250 1177 2271 om.
1196 2239 1266 2275 A‘ss
1367 2240 1387 2270 8
1408 2243 1481 2279 post

153 2280 231 2310 belli
247 2280 321 2311 add.
341 2291 359 2311 a
376 2281 540 2312 Gutruato
557 2280 627 2315 A'B
641 2292 647 2311 :
672 2282 729 2313 del.
750 2283 944 2324 Oztdeudotp
1170 2293 1208 2323 15
1232 2295 1252 2314 a
1269 2283 1361 2314 verbo
1377 2284 1418 2314 ad
1437 2282 1484 2314 ad

153 2324 286 2354 verbnm
306 2324 372 2355 fine
389 2325 423 2354 in
440 2334 492 2362 43.
511 2334 530 2363 3
545 2324 647 2364 deficit
663 2325 695 2355 A
712 2338 717 2357 :
742 2325 857 2357 A'=a
873 2327 914 2357 M
1033 2337 1073 2366 24
1099 2327 1226 2358 Caesar
1237 2331 1314 2367 post
1329 2327 1478 2359 omnium

148 2367 242 2407 ponit
257 2367 307 2399 B:
334 2367 391 2398 del.
410 2367 631 2408 Dittenberger
