1768 2739
80 851 119 874 10

80 1173 115 1204 15

78 1496 116 1518 20

79 1817 116 1849 25

79 2139 119 2170 30

413 148 485 184 DE
518 146 696 183 BELLO
727 146 972 184 GALLICO
1004 146 1105 183 LIB.
1138 147 1195 183 VI

143 272 227 297 esse
248 257 495 304 existimatur,
512 264 549 295 et
570 269 675 294 nunc
696 255 761 306 qui
783 255 1006 305 diligentius
1028 269 1113 295 eam
1135 271 1215 296 rem
1230 270 1467 308 cognoscere

143 325 278 362 volunt
299 324 528 373 plerumque
548 320 614 359 illo
634 319 810 359 discendi
834 332 950 358 causa
971 321 1279 370 proficiscuntur.

198 387 367 426 Druides
387 400 410 424 a
425 386 529 424 bello
548 385 686 424 abesse
703 391 952 431 consuerunt,
969 398 1097 434 neque
1118 386 1262 424 tributa
1282 400 1359 424 una
1375 400 1466 425 cum
1491 397 1532 434 14

142 451 298 501 reliquis
327 451 533 500 pendunt3
581 448 740 487 militiae
775 448 1020 487 vacationem
1051 449 1309 499 omniumque
1338 463 1465 488 rerum

142 515 288 554 habent
335 513 632 552 immunitatem.
706 513 844 551 Tantis
886 513 1040 551 excitati
1083 513 1264 564 praemiis
1312 522 1350 552 et
1398 528 1467 552 sua
1493 529 1507 549 2

141 586 280 629 sponte
319 578 429 616 multi
467 578 506 615 in
545 577 791 627 disciplinam
830 577 1069 616 conveniunt
1109 585 1146 616 et
1184 591 1207 616 a
1237 578 1465 628 parentibus
1508 566 1511 569 V

140 642 448 693 propinquisque
468 641 684 680 mittuntur.
748 642 940 691 Magnum
973 641 1026 680 ibi
1051 655 1258 680 numerum
1283 655 1467 681 versuum
1493 657 1509 687 3

139 706 312 745 ediscere
331 706 524 744 dicuntur.
586 707 724 755 Itaque
745 717 870 743 annos
897 718 977 743 non
1005 705 1100 744 nulli
1121 717 1179 743 xx
1200 705 1239 743 in
1260 705 1466 756 disciplina

138 778 378 821 permanent.
438 772 579 820 Neque
606 771 662 808 fas
688 782 772 807 esse
794 769 1014 808 existimant
1036 783 1081 808 ea
1102 770 1236 808 litteris
1266 772 1462 817 mandare,

139 849 230 874 cum
256 835 296 873 in
325 834 481 884 reliquis
508 836 586 873 fere
617 834 743 881 rebus,
777 834 943 884 publicis
971 833 1207 884 privatisque
1236 835 1462 881 rationibus,

141 899 299 938 Graecis
328 899 462 937 litteris
496 906 663 937 utantur.
724 899 772 937 Id
806 898 899 936 mihi
933 899 1087 936 duabus
1121 899 1172 936 de
1205 898 1332 936 causis
1361 898 1465 936 insti·
1486 913 1506 942 4

138 963 258 1002 tuisse
282 963 471 1010 videntur,
505 964 612 1013 quod
637 976 766 1013 neque
795 961 836 1000 in
868 964 1026 1012 vulgum
1058 962 1307 1012 disciplinam
1339 963 1463 1001 efferri

139 1027 258 1066 velint
306 1040 435 1077 neque
483 1040 550 1065 eos
597 1027 664 1077 qui
722 1027 879 1066 discunt
933 1026 1067 1065 litteris
1124 1028 1294 1065 confisos
1335 1026 1464 1065 minus

141 1091 352 1131 memoriae
391 1092 571 1139 studere;
613 1092 721 1141 quod
761 1092 840 1130 fere
874 1091 1069 1141 plerisque
1103 1091 1245 1130 accidit
1279 1098 1321 1129 ut
1359 1104 1465 1141 prae—

140 1156 240 1195 sidio
270 1156 483 1195 litterarum
517 1155 756 1206 diligentiam
792 1155 831 1193 in
864 1155 1124 1206 perdiscendo
1157 1169 1203 1193 ac
1235 1155 1463 1194 memoriam

139 1221 347 1260 remittant.
408 1222 456 1258 In
485 1220 618 1270 primis
648 1222 723 1259 hoc
754 1222 891 1258 volunt
924 1221 1167 1270 persuadere,
1200 1233 1280 1258 non
1310 1220 1464 1258 interire
1486 1234 1502 1265 5

139 1286 288 1325 animas
318 1286 388 1324 sed
416 1285 466 1324 ab
495 1284 578 1323 aliis
614 1292 702 1334 post
738 1292 903 1323 mortem
939 1284 1099 1323 transire
1127 1285 1178 1323 ad
1207 1284 1314 1331 alios,
1346 1291 1464 1334 atque

138 1352 214 1389 hoc
258 1349 425 1388 maxime
467 1350 519 1387 ad
561 1349 741 1387 virtutem
785 1348 941 1387 excitari
985 1355 1133 1398 putant,
1178 1355 1285 1386 metu
1330 1348 1463 1386 mortis

139 1415 327 1464 neglecto.
389 1415 516 1452 Multa
542 1420 740 1463 praeterea
761 1414 811 1451 de
833 1413 1024 1452 sideribus
1045 1420 1163 1462 atque
1184 1425 1319 1451 eorum
1340 1420 1462 1458 motu,
1486 1420 1505 1449 6

138 1479 188 1517 de
219 1477 357 1517 mundi
385 1490 431 1516 ac
461 1485 647 1516 terrarum
684 1476 964 1527 magnitudine,
997 1478 1048 1516 de
1077 1490 1204 1516 rerum
1235 1484 1380 1523 natura,
1414 1477 1464 1515 de

138 1543 301 1580 deorum
329 1541 606 1580 immortalium
631 1541 667 1578 vi
687 1554 733 1579 ac
764 1548 956 1591 potestate
981 1541 1182 1592 disputant
1212 1548 1249 1579 et
1274 1540 1463 1579 iuventuti

138 1607 306 1644 tradunt.

193 1671 371 1709 Alterum
404 1682 526 1720 genus
558 1677 615 1708 est
651 1669 838 1720 equitum.
912 1668 978 1717 Hi,
1014 1682 1103 1707 cum
1137 1677 1194 1707 est
1223 1682 1316 1707 usus
1344 1676 1463 1718 atque
1484 1679 1525 1717 15

138 1735 299 1785 aliquod
328 1735 474 1773 bellum
504 1733 640 1773 incidit
670 1734 794 1785 (quod
820 1735 899 1773 fere
928 1740 1019 1772 ante
1046 1732 1223 1773 Caesaris
1249 1734 1463 1772 adventum

137 1807 233 1849 quot
262 1799 373 1837 annis
403 1798 579 1837 accidere
609 1799 770 1846 solebat,
805 1799 860 1837 uti
891 1806 958 1837 aut
990 1798 1062 1848 ipsi
1093 1798 1250 1837 iniurias
1281 1798 1464 1836 inferrent

137 1871 203 1902 aut
230 1863 367 1902 inlatas
388 1864 687 1913 propulsarent),
720 1877 857 1902 omnes
883 1863 921 1901 in
947 1863 1052 1901 bello
1081 1869 1281 1901 versantur
1296 1876 1305 1909 5
1346 1869 1464 1911 atque
1486 1879 1500 1899 2

137 1941 272 1966 eorum
306 1934 348 1966 ut
379 1927 545 1977 quisque
585 1936 642 1966 est
681 1942 822 1979 genere
863 1928 1065 1978 copiisque
1103 1926 1378 1977 amplissimus,
1412 1926 1464 1964 ita

137 1991 324 2042 plurimos
363 1991 509 2030 circum
550 2006 590 2031 se
629 1994 832 2032 ambactos
873 1992 1103 2042 clientisque
1142 1991 1270 2030 habet.
1345 1992 1463 2028 Hanc

137 2069 256 2095 unam
276 2056 436 2105 gratiam
458 2058 753 2108 potentiamque
775 2065 976 2097 noverunt.

193 2120 312 2158 Natio
326 2128 383 2159 est
397 2122 574 2160 omnium
598 2124 800 2161 Gallorum
815 2124 1032 2162 admodum
1051 2121 1184 2161 dedita
1197 2119 1458 2168 religionibus,
1481 2126 1526 2162 16

137 2192 254 2235 atque
282 2187 333 2224 ob
361 2200 447 2225 eam
479 2200 637 2226 causam
667 2187 734 2237 qui
759 2194 849 2226 sunt
878 2186 1022 2225 adfecti
1046 2185 1284 2236 gravioribus
1315 2183 1460 2221 morbis
1483 2194 1497 2215 2

138 2249 284 2299 quique
314 2250 353 2289 in
384 2251 539 2301 proeliis
580 2251 838 2301 periculisque
873 2258 1072 2290 versantur
1100 2257 1167 2288 aut
1196 2263 1266 2300 pro
1295 2247 1461 2286 victimis

140 2315 320 2353 homines
343 2314 547 2353 immolant
571 2323 637 2353 aut
665 2328 705 2353 se
735 2315 1004 2353 immolaturos
1031 2321 1184 2360 vovent,
1211 2312 1462 2352 administris-

240 2423 277 2451 13
303 2413 432 2443 discant
449 2415 471 2446 β
614 2422 650 2442 21
678 2412 729 2443 via
746 2412 778 2441 A
924 2422 965 2450 30
988 2411 1134 2442 omnium
1151 2423 1192 2440 a:
1217 2411 1326 2441 omnis
1342 2412 1364 2444 β

181 2465 323 2486 CAESAR.
352 2465 379 2485 Β.
396 2466 425 2486 G.
1356 2454 1374 2482 9
