1768 2739
681 109 724 148 C.
760 110 875 147 IVLI
906 109 1174 148 CAESARIS

266 235 316 261 ne
343 223 393 261 de
418 222 632 272 improviso
661 229 728 261 aut
758 229 878 261 noctu
909 223 960 261 ad
988 221 1226 261 munitiones
1258 222 1431 262 hostium
1464 223 1591 262 multi-

265 288 363 325 tudo
389 288 590 325 advolaret
615 294 682 325 aut
710 287 878 326 interdiu
899 288 976 325 tela
1002 287 1041 325 in
1071 294 1225 326 nostros
1246 287 1354 337 operi
1374 287 1590 327 destinatos

228 362 245 392 3
264 351 417 390 coicere
445 360 617 402 possent.
681 353 774 390 Hoc
804 351 1025 390 intermisso
1055 352 1182 401 spatio
1212 352 1309 390 duas
1336 353 1459 391 fossas
1481 353 1591 402 quin-

263 416 394 454 decim
433 418 554 466 pedes
603 418 699 456 latas
744 418 884 456 eadem
931 416 1139 455 altitudine
1185 417 1376 468 perduxit,
1421 430 1586 467 quarum

264 479 487 519 interiorem
516 481 801 531 campestribus
825 495 871 520 ac
895 481 1075 520 demissis
1105 481 1202 520 locis
1229 494 1331 531 aqua
1355 495 1401 520 ex
1427 481 1589 529 flumine
1608 493 1626 525 5

222 556 243 586 4
263 544 436 583 derivata
451 546 674 595 complevit.
735 548 829 585 Post
850 560 915 585 eas
935 560 1114 596 aggerem
1135 560 1181 585 ac
1196 548 1341 585 vallum
1358 558 1419 585 X11
1440 548 1588 596 pedum

263 611 457 649 exstruxit.
520 611 628 649 Huic
644 611 804 650 loricam
827 611 1048 661 pinnasque
1061 612 1216 659 adiecit,
1231 612 1445 662 grandibus
1466 612 1591 651 cervis

262 674 528 714 eminentibus
562 677 613 714 ad
640 676 917 715 commissuras
944 678 1168 726 pluteorum
1195 685 1313 726 atque
1344 677 1492 727 aggeris
1522 677 1589 726 qui

261 752 469 778 ascensum
487 740 659 778 hostium
680 742 888 788 tardarent,
905 748 942 779 et
958 741 1071 779 turris
1093 749 1177 780 toto
1195 754 1312 791 opere
1329 740 1589 780 circumdedit

261 817 364 853 quae
392 806 512 854 pedes
542 817 655 842 LXXX
677 805 776 843 inter
797 819 838 844 se
858 805 1056 844 distarent.
1611 818 1650 840 ¹0

191 868 241 906 73
317 871 409 907 Erat
430 871 572 909 eodem
600 878 777 920 tempore
803 878 842 909 et
872 871 1065 909 materiari
1092 879 1130 910 et
1157 871 1383 910 frumentari
1405 879 1442 910 et
1462 879 1590 910 tantas

263 933 501 972 munitiones
542 934 622 973 fieri
662 948 823 974 necesse
862 936 1077 974 deminutis
1125 936 1265 975 nostris
1313 936 1446 986 copiis,
1488 949 1590 986 quae

261 999 413 1049 longius
434 1001 485 1038 ab
506 1001 639 1038 castris
660 1001 1032 1052 progrediebantur:
1063 1015 1108 1040 ac
1130 1016 1210 1040 non
1232 1015 1449 1052 numquam
1470 1014 1589 1051 opera

261 1072 392 1103 nostra
418 1065 519 1104 Galli
547 1073 738 1116 temptare
766 1074 885 1117 atque
906 1067 1152 1117 eruptionem
1174 1082 1221 1106 ex
1241 1067 1390 1117 oppido
1410 1067 1586 1117 pluribus

224 1143 237 1162 2
260 1124 380 1179 portis
402 1144 556 1170 summa
576 1131 613 1169 vi
638 1133 766 1170 facere
793 1133 1049 1171 conabantur.
1113 1134 1245 1182 Quare
1265 1134 1316 1171 ad
1338 1134 1435 1171 haec
1456 1144 1586 1170 rursus
1608 1142 1646 1175 15

259 1207 378 1243 opera
422 1196 652 1234 addendum
699 1198 844 1235 Caesar
889 1197 1050 1247 putavit,
1100 1211 1181 1247 quo
1225 1196 1376 1235 minore
1422 1209 1587 1235 numero

260 1258 428 1297 militum
481 1260 721 1299 munitiones
778 1261 939 1300 defendi
983 1270 1154 1312 possent.
1246 1264 1386 1312 Itaque
1441 1261 1587 1299 truncis

258 1323 441 1362 arborum
471 1332 538 1363 aut
566 1326 785 1364 admodum
816 1326 935 1364 firmis
965 1327 1081 1365 ramis
1107 1326 1270 1365 abscisis
1297 1334 1417 1376 atque
1446 1326 1587 1363 horum

259 1387 459 1426 delibratis
479 1402 525 1426 ac
544 1389 762 1438 praeacutis
780 1391 1052 1429 cacuminibus
1070 1399 1281 1441 perpetuae
1302 1392 1430 1429 fossae
1444 1390 1586 1440 quinos

223 1464 240 1493 3
259 1452 380 1499 pedes
410 1453 510 1490 altae
542 1454 797 1491 ducebantur.
879 1456 972 1492 Huc
1004 1455 1058 1492 illi
1093 1455 1242 1505 stipites
1282 1454 1441 1493 demissi
1467 1462 1506 1492 et
1535 1455 1586 1492 ab
1608 1467 1647 1489 20

258 1515 396 1554 infimo
426 1517 599 1565 revincti,
637 1532 686 1556 ne
724 1519 854 1557 revelli
889 1528 1061 1569 possent,
1101 1520 1151 1558 ab
1191 1520 1305 1558 ramis
1346 1520 1582 1558 eminebant.

219 1592 239 1621 4
260 1580 382 1628 Quini
403 1589 511 1619 erant
533 1582 690 1620 ordines
711 1583 911 1621 coniuncti
941 1584 1040 1622 inter
1061 1598 1101 1622 se
1121 1593 1240 1634 atque
1261 1584 1448 1634 implicati
1467 1600 1476 1632 ;
1506 1598 1586 1634 quo

258 1644 324 1693 qui
359 1644 605 1693 intraverant,
640 1660 680 1685 se
714 1647 787 1697 ipsi
819 1648 1053 1687 acutissimis
1088 1649 1196 1687 vallis
1229 1649 1472 1688 induebant:
1513 1651 1585 1688 hos

219 1719 236 1748 5
258 1709 394 1758 cippos
421 1711 682 1759 appellabant.
745 1714 849 1751 Ante
875 1715 946 1751 hos
975 1713 1145 1763 obliquis
1176 1714 1380 1752 ordinibus
1409 1713 1447 1751 in
1475 1714 1585 1763 quin—

257 1790 424 1815 cuncem
452 1777 650 1827 dispositis
679 1781 837 1818 scrobes
865 1781 930 1819 tris
964 1781 1001 1818 in
1035 1781 1283 1820 altitudinem
1312 1782 1433 1831 pedes
1465 1781 1585 1820 fodie-
1606 1791 1644 1822 25

218 1850 237 1880 6
257 1841 398 1879 bantur
436 1843 624 1891 paulatini
668 1844 891 1893 angustiore
936 1847 987 1883 ad
1033 1846 1213 1883 infimum
1254 1845 1416 1895 fastigio.
1490 1847 1584 1883 Huc

256 1914 396 1944 teretes
424 1907 574 1957 stipites
595 1908 750 1946 feminis
772 1910 1029 1948 crassitudine
1056 1911 1106 1948 ab
1135 1924 1291 1948 summo
1320 1910 1518 1960 praeacuti
1546 1917 1583 1947 et

254 1972 424 2020 praeusti
454 1972 762 2012 demittebantur
786 1974 839 2012 ita
865 1983 906 2013 ut
938 1989 1017 2013 non
1047 1975 1215 2024 amplius
1245 1975 1375 2025 digitis
1399 1982 1583 2025 quattuor

219 2044 235 2077 7
255 2050 300 2074 ex
327 2044 427 2074 terra
451 2037 693 2085 eminerent3
722 2039 837 2077 simul
864 2040 1124 2078 confirmandi
1153 2048 1190 2078 et
1218 2040 1441 2078 stabiliendi
1465 2052 1582 2078 causa

254 2101 393 2151 singuli
421 2102 470 2139 ab
502 2102 638 2141 infimo
663 2105 748 2142 solo
781 2106 902 2154 pedes
935 2112 1033 2143 terra
1059 2106 1386 2152 exculcabantur;
1433 2104 1581 2154 reliqua
1603 2114 1644 2146 30

254 2178 340 2214 pars
368 2166 516 2204 scrobis
542 2168 593 2205 ad
622 2169 877 2207 occultandas
908 2169 1068 2208 insidias
1095 2169 1307 2207 viminibus
1336 2182 1382 2207 ac
1409 2168 1580 2218 virgultis

215 2230 232 2259 S
253 2229 506 2279 integebatur.
588 2232 720 2271 Huius
754 2233 906 2283 generis
938 2234 1071 2272 octoni
1107 2234 1264 2272 ordines
1303 2233 1410 2272 ducti
1448 2240 1579 2271 ternos

252 2294 351 2332 inter
380 2309 421 2333 se
452 2298 572 2345 pedes
603 2297 812 2335 distabant.
888 2300 935 2336 Id
963 2312 1009 2336 ex
1036 2298 1291 2336 similitudine
1321 2298 1425 2336 floris
1455 2297 1578 2335 lilium

295 2408 332 2434 24
361 2399 465 2428 cirros
483 2400 613 2430 Kraner
699 2411 740 2439 32
766 2402 943 2440 tegebatur
959 2402 1022 2432 A‘:
1058 2403 1289 2443 inpediebatur
1311 2402 1353 2431 B'
1441 2399 1541 2431 iuncti
1559 2409 1578 2428 α
