1706 2729
401 165 475 202 DE
507 163 686 201 BELLO
717 164 962 202 GALLICO
992 165 1093 201 LIB.
1129 165 1170 201 ΙΙ

179 273 260 311 Sub
281 285 484 322 vesperum
506 273 650 312 Caesar
674 280 804 323 portas
834 272 961 311 claudi
989 272 1209 323 militesque
1232 287 1279 312 ex
1299 272 1447 323 oppido
1479 285 1530 321 33

125 336 226 375 exire
252 337 371 384 iussit,
397 351 446 375 ne
473 350 590 387 quam
617 344 737 375 noctu
764 336 951 387 oppidani
977 338 1027 376 ab
1055 337 1242 376 militibus
1268 337 1447 375 iniuriam

123 401 354 451 acciperent.
428 400 489 439 Illi
526 408 617 439 ante
655 400 762 448 inito,
802 408 845 439 ut
882 400 1123 439 intellectum
1161 409 1230 448 est,
1271 401 1446 448 consilio,
1470 411 1484 432 2

125 467 233 515 quod
252 464 452 504 deditione
472 467 574 503 facta
602 472 754 504 nostros
781 465 973 515 praesidia
997 467 1235 504 deducturos
1255 473 1321 504 aut
1342 465 1448 504 deni-

88 544 202 580 5que
234 529 497 579 indiligentius
536 538 752 568 servaturos
790 529 1046 576 crediderant,
1087 530 1226 580 partim
1261 544 1351 568 cum
1394 530 1448 568 eis

124 608 225 644 quae
255 594 490 632 retinuerant
518 602 557 633 et
585 596 804 633 celaverant
832 594 959 641 armis,
982 594 1121 645 partim
1151 594 1269 633 scutis
1297 609 1343 633 ex
1369 608 1449 633 cor-

125 659 199 697 tice
228 658 336 697 factis
365 666 431 696 aut
456 658 667 698 viminibus
696 658 861 706 intextis,
891 673 991 709 quae
1019 659 1160 706 subito,
1190 668 1231 698 ut
1261 659 1449 709 temporis

124 723 309 773 exiguitas
338 724 570 773 postulabat,
601 723 768 774 pellibus
797 724 1039 771 induxerant,
1068 723 1178 762 tertia
1204 724 1342 774 vigilia,
1373 738 1450 774 qua

125 788 286 826 minime
313 789 457 826 arduus
485 789 537 827 ad
570 796 719 827 nostras
750 789 986 827 munitiones
1017 803 1200 827 ascensus
1232 789 1447 835 videbatur,

68 866 107 887 10
125 852 308 891 omnibus
341 853 462 903 copiis
494 853 697 904 repentino
729 868 775 892 ex
807 854 956 904 oppido
985 854 1229 904 eruptionem
1262 856 1446 893 fecerunt.

126 917 320 964 Celeriter,
355 925 397 955 ut
429 926 519 957 ante
551 919 695 958 Caesar
727 918 943 969 imperarat,
979 918 1132 968 ignibus
1167 917 1449 968 significatione
1470 929 1487 959 3

126 984 236 1029 facta,
259 996 305 1020 ex
324 982 507 1032 proximis
528 983 693 1021 castellis
714 997 762 1022 eo
782 996 1016 1022 concursum
1038 991 1096 1022 est
1112 997 1122 1031 ,-
1152 990 1450 1034 pugnatumque
1468 1000 1487 1028 4

124 1047 175 1085 ab
196 1047 373 1085 hostibus
394 1046 446 1085 ita
465 1047 601 1086 acriter
621 1055 678 1086 est
702 1054 743 1085 ut
769 1061 792 1086 a
820 1047 908 1086 viris
936 1047 1098 1086 fortibus
1124 1047 1164 1085 in
1189 1055 1360 1086 extrema
1380 1060 1448 1097 spe

126 1111 258 1149 salutis
288 1111 423 1161 iniquo
452 1113 540 1150 loco
568 1119 702 1150 contra
732 1126 799 1150 eos
823 1112 890 1163 qui
914 1126 959 1151 ex
979 1114 1080 1151 vallo
1101 1112 1348 1162 turribusque
1375 1113 1451 1149 tela

70 1189 105 1220 15
126 1176 295 1214 iacerent
333 1176 494 1226 pugnari
532 1176 680 1223 debuit,
713 1190 803 1215 curn
842 1177 881 1214 in
919 1190 997 1215 una
1027 1177 1166 1216 virtute
1200 1176 1327 1215 omnis
1362 1189 1450 1226 spes

126 1240 258 1278 salutis
278 1240 515 1279 consisteret.
575 1241 725 1279 Occisis
753 1242 805 1280 ad
834 1240 1039 1279 hominum
1069 1241 1225 1279 milibus
1255 1247 1448 1290 quattuor,
1470 1252 1487 1282 5

126 1304 263 1354 reliqui
283 1304 322 1342 in
342 1304 532 1354 oppidum
560 1304 689 1343 reiecti
715 1313 814 1343 sunt.
867 1305 1057 1344 Postridie
1078 1306 1160 1344 eius
1181 1305 1258 1344 diei
1280 1304 1449 1343 refractis
1470 1312 1489 1344 6

126 1369 256 1419 portis,
272 1383 361 1408 cum
383 1369 459 1407 iam
480 1370 707 1408 defenderet
728 1384 857 1417 nemo,
874 1377 992 1420 atque
1013 1370 1242 1409 intromissis
1264 1369 1451 1408 militibus

125 1433 277 1480 nostris,
310 1433 523 1472 sectionem
553 1433 634 1472 eius
669 1434 804 1484 oppidi
834 1434 1052 1472 universam
1087 1436 1232 1474 Caesar
1262 1434 1448 1473 vendidit.

69 1511 108 1532 20
126 1499 190 1536 Ab
220 1498 274 1536 eis
301 1498 368 1548 qui
400 1506 574 1537 emerant
605 1499 776 1549 capitum
807 1513 991 1538 numerus
1022 1500 1073 1538 ad
1107 1513 1197 1538 eum
1224 1501 1366 1538 relatus
1393 1506 1451 1538 est
1474 1509 1490 1542 7

127 1562 277 1600 milium
298 1552 579 1612 quinquaginta
599 1563 725 1601 trium.

182 1629 335 1666 Eodem
366 1635 541 1678 tempore
579 1642 602 1666 a
633 1631 673 1666 P.
711 1630 864 1675 Crasso,
897 1643 1014 1679 quem
1055 1643 1145 1668 cum
1184 1629 1336 1679 legione
1375 1642 1452 1667 una
1471 1634 1522 1670 34

127 1691 282 1730 miserat
297 1693 349 1730 ad
364 1694 548 1739 Venetos,
564 1695 761 1740 Venellos,
780 1693 970 1740 Osismos,
988 1694 1253 1741 Curiosolitas,
1270 1693 1451 1740 Esubios,

127 1758 327 1803 Aulercos,
351 1758 547 1804 Redones,
572 1771 672 1807 quae
692 1765 782 1795 sunt
802 1757 1018 1796 maritimae
1038 1757 1212 1796 civitates
1234 1759 1454 1797 Oceanum-

69 1833 107 1864 25
128 1835 204 1871 que
242 1821 446 1871 attingunt,
488 1821 626 1860 certior
664 1823 787 1860 factus
831 1830 889 1860 est
927 1822 1054 1860 omnis
1095 1836 1159 1861 eas
1198 1822 1372 1861 civitates
1412 1822 1451 1860 in

127 1885 370 1924 deditionem
392 1894 705 1936 potestatemque
726 1886 860 1936 populi
884 1886 1054 1925 Romani
1076 1900 1160 1925 esse
1180 1888 1366 1925 redactas.

182 1950 258 1988 His
280 1951 394 1989 rebus
420 1951 547 2000 gestis,
570 1951 677 1989 omni
698 1951 824 1990 Gallia
844 1959 991 2001 pacata,
1014 1959 1120 1990 tanta
1146 1951 1260 1990 huius
1288 1951 1379 1990 belli
1399 1953 1450 1990 ad
1469 1952 1519 1991 35

127 2015 312 2053 barbaros
333 2014 466 2065 opinio
486 2017 632 2066 perlata
652 2023 719 2063 est,
743 2015 798 2053 uti
823 2017 873 2054 ab
899 2016 953 2054 eis
983 2016 1207 2055 nationibus
1227 2030 1328 2066 quae
1349 2024 1452 2055 trans

130 2080 316 2117 Rhenum
340 2079 554 2118 incolerent
579 2080 821 2119 mitterentur
849 2081 963 2131 legati
994 2083 1045 2120 ad
1072 2083 1291 2128 Caesarem,
1320 2081 1387 2131 qui
1413 2095 1454 2119 se

71 2155 111 2187 30
129 2144 287 2182 obsides
331 2146 498 2192 daturas,
544 2145 733 2195 imperata
777 2147 942 2185 facturas
987 2146 1271 2197 pollicerentur.
1345 2147 1454 2194 Quas
1476 2158 1490 2180 2

129 2209 341 2258 legationes
363 2211 517 2257 Caesar,
539 2211 647 2260 quod
673 2210 712 2248 in
735 2211 889 2249 Italiam
912 2211 1189 2261 Illyricumque
1209 2211 1452 2261 properabat,

129 2273 224 2312 inita
243 2274 418 2325 proxima
438 2282 586 2314 aestate
605 2276 656 2314 ad
676 2288 718 2314 se
741 2276 878 2315 reverti
898 2276 1017 2314 iussit.
1078 2277 1169 2327 Ipse
1189 2275 1229 2314 in
1250 2277 1453 2323 Carnutes,
1476 2284 1493 2314 3

172 2388 214 2417 23
237 2378 395 2410 Venellos
421 2379 540 2410 Glc'c‘ck:
574 2379 716 2411 Unellos
739 2379 776 2410 X
871 2380 1016 2411 Esubios
1041 2379 1161 2411 Glz‘ick:
1195 2380 1357 2411 Sesuvios
1379 2380 1456 2411 aU:

130 2422 256 2452 estivos
278 2422 307 2452 T
436 2423 478 2452 26
501 2423 660 2454 ditionem
677 2424 700 2457 β
