1706 2729
607 170 650 208 C.
685 169 799 207 IVLI
833 170 1101 208 CAESARIS

151 296 167 325 5
189 282 329 332 posuit.
390 283 503 330 Quae
535 294 593 319 res
626 288 663 318 et
695 281 793 318 latus
826 293 947 318 unum
981 287 1192 318 castrorum
1225 278 1316 329 ripis
1347 278 1516 318 fluminis

190 346 402 393 muniebat,
435 354 471 385 et
506 353 595 396 post
624 359 713 384 eum
745 358 844 396 quae
879 352 1007 383 essent
1038 352 1119 383 tuta
1148 346 1197 383 ab
1228 343 1406 383 hostibus
1436 346 1518 384 red-

189 413 317 458 debat,
351 419 389 450 et
418 419 661 450 commeatus
692 411 742 448 ab
775 409 911 448 Remis
951 409 1186 460 reliquisque
1225 409 1445 448 civitatibus
1477 417 1518 447 ut

151 476 272 515 §sine
311 476 484 526 periculo
522 477 572 514 ad
616 489 704 514 eum
745 475 886 525 portari
927 482 1058 524 posset
1096 474 1297 513 efficiebat.
1377 476 1424 513 In
1471 487 1518 512 eo

190 541 350 580 flumine
371 555 471 591 pons
492 548 581 579 erat.
643 540 704 578 Ibi
729 539 964 590 praesidium
998 539 1107 590 ponit
1142 548 1179 577 et
1203 539 1241 577 in
1269 541 1387 578 altera
1411 546 1518 589 parte

189 606 359 644 fluminis
382 607 429 655 Q.
455 605 649 644 Titurium
672 605 861 643 Sabinum
894 606 1064 654 legatum
1092 618 1181 642 cum
1204 618 1269 642 sex
1290 603 1517 642 cohortibus

189 671 394 721 relinquit:
426 678 549 709 castra
579 670 618 708 in
648 669 894 708 altitudinem
928 670 1074 718 pedum
1111 681 1169 707 xl1
1207 670 1307 707 vallo
1335 671 1517 719 fossaque

125 728 131 733 X
189 735 457 786 duodeviginti
488 736 635 785 pedum
666 734 817 773 munire
847 734 964 773 iubet.

142 803 169 840 6
243 801 306 839 Ab
328 800 387 838 his
408 799 541 838 castris
562 799 753 850 oppidum
776 801 1004 846 Remorum,
1028 799 1187 838 nomine
1210 798 1363 846 Bibrax,
1385 799 1517 837 aberat

190 865 295 904 milia
324 879 509 916 passuum
534 872 635 904 octo.
712 866 760 903 Id
787 879 833 903 ex
859 864 994 903 itinere
1023 877 1164 914 magno
1191 864 1340 914 impetu
1374 865 1516 914 Belgae

188 944 414 981 oppugnare
456 938 679 980 coeperunt.
759 932 884 979 Aegre
932 942 979 967 eo
1027 929 1090 967 die
1138 936 1396 967 sustentatum
1446 937 1513 967 est.

152 1007 166 1027 ἐ
189 997 391 1034 Gallorum
433 996 570 1033 eadem
614 1002 732 1045 atque
774 996 979 1044 Belgarum
1022 993 1262 1045 oppugnatio
1306 1002 1363 1032 est
1406 995 1512 1032 haec.

189 1060 270 1099 Ubi
318 1060 567 1099 circumiecta
615 1059 864 1098 multitudine
913 1059 1117 1097 hominum
1171 1058 1262 1097 totis
1310 1058 1517 1097 moenibus

187 1123 361 1174 undique
409 1124 447 1161 in
492 1138 646 1162 murum
683 1124 832 1174 lapides
876 1123 948 1161 iaci
989 1123 1117 1173 coepti
1168 1131 1258 1161 sunt
1306 1137 1516 1173 murusque

186 1189 457 1228 defensoribus
485 1191 654 1228 nudatus
679 1197 747 1236 est,
771 1188 967 1227 testudine
988 1190 1098 1235 facta,
1117 1196 1246 1239 portas
1270 1189 1515 1227 succendunt

150 1265 166 1294 5
188 1267 421 1304 murumque
445 1255 646 1292 subruunt.
708 1254 829 1302 Quod
854 1260 936 1291 tum
967 1253 1078 1291 facile
1108 1253 1235 1292 fiebat.
1296 1254 1399 1290 Nam
1425 1266 1514 1290 cum

187 1326 292 1356 tanta
323 1318 533 1357 multitudo
562 1318 711 1368 lapides
740 1332 786 1356 ac
820 1319 896 1356 tela
924 1317 1131 1364 coicerent,
1163 1317 1201 1355 in
1233 1331 1343 1356 muro
1373 1317 1512 1356 consis-

147 1382 294 1427 4tendi
335 1390 505 1432 potestas
546 1390 625 1420 erat
666 1381 770 1420 nulli.
842 1383 943 1421 Cum
986 1383 1103 1420 finem
1145 1381 1398 1432 oppugnandi
1438 1396 1515 1420 nox

186 1446 350 1493 fecisset,
396 1446 522 1485 Iccius
568 1448 728 1493 Remus,
765 1459 917 1484 summa
958 1446 1159 1484 nobilitate
1193 1453 1230 1484 et
1264 1445 1383 1496 gratia
1417 1445 1516 1484 inter

186 1525 287 1558 suos,
317 1511 383 1562 qui
412 1520 492 1549 tum
521 1511 668 1562 oppido
692 1512 918 1562 praefuerat,
949 1524 1048 1549 unus
1075 1525 1121 1549 ex
1152 1510 1206 1549 eis
1234 1510 1300 1560 qui
1328 1511 1440 1561 legati
1465 1512 1515 1549 de

185 1590 281 1626 pace
328 1578 378 1615 ad
417 1578 625 1616 Caesarem
668 1583 864 1623 venerant,
910 1576 1089 1613 nuntium
1130 1577 1180 1614 ad
1228 1590 1318 1614 eum
1367 1575 1513 1614 mittit:

186 1640 257 1678 nisi
288 1641 505 1680 subsidium
537 1641 609 1679 sibi
640 1640 899 1687 submittatur,
926 1654 1010 1679 sese
1037 1640 1182 1678 diutius
1214 1639 1402 1678 sustinere
1433 1654 1514 1679 non

185 1718 309 1755 posse.

141 1779 163 1818 7
240 1771 299 1807 Eo
340 1771 389 1808 de
430 1769 559 1808 media
600 1778 715 1808 nocte
757 1771 910 1817 Caesar,
951 1770 1075 1809 isdem
1114 1770 1281 1809 ducibus
1316 1784 1407 1809 usus
1447 1770 1513 1820 qui

185 1833 309 1872 nuntii
340 1834 389 1872 ab
422 1834 528 1872 Iccio
558 1842 753 1881 venerant,
788 1835 981 1874 Numidas
1009 1844 1046 1873 et
1074 1836 1209 1874 Cretas
1234 1834 1449 1885 sagittarios
1476 1842 1513 1872 et

148 1913 163 1934 2
184 1899 399 1938 funditores
426 1899 595 1937 Balearis
626 1899 803 1938 subsidio
835 1900 1041 1950 oppidanis
1072 1900 1211 1938 mittit:
1253 1914 1419 1950 quorum
1449 1900 1514 1938 ad-

182 1971 300 2002 ventu
332 1972 369 2002 et
398 1964 534 2002 Remis
560 1978 651 2002 cum
683 1979 751 2015 spe
778 1965 1016 2004 defensionis
1040 1965 1212 2004 studium
1240 1964 1512 2015 propugnandi

181 2028 344 2067 accessit
372 2036 410 2067 et
439 2029 618 2068 hostibus
653 2031 792 2068 eadem
821 2031 871 2069 de
901 2044 1015 2068 causa
1050 2044 1137 2080 spes
1171 2029 1347 2080 potiendi
1377 2028 1511 2080 oppidi

146 2104 162 2134 3
182 2092 368 2132 discessit.
430 2095 569 2144 Itaque
596 2094 791 2145 paulisper
813 2096 919 2145 apud
946 2094 1136 2145 oppidum
1164 2094 1301 2133 morati
1321 2107 1511 2144 agrosque

184 2159 400 2196 Remorum
423 2159 661 2209 depopulati,
681 2158 864 2197 omnibus
886 2159 978 2197 vicis
999 2159 1265 2209 aedificiisque
1286 2173 1384 2209 quos
1404 2158 1510 2197 adire
1536 2172 1546 2182 ³

181 2229 387 2271 potuerant
417 2223 597 2270 incensis,
633 2225 683 2262 ad
709 2231 833 2262 castra
860 2223 1036 2262 Caesaris
1063 2223 1246 2262 omnibus
1271 2222 1392 2273 copiis
1422 2237 1511 2261 con-

182 2287 400 2333 tenderunt,
444 2295 481 2325 et
518 2288 567 2325 ab
606 2287 762 2326 milibus
802 2301 986 2338 passuum
1026 2287 1153 2326 minus
1191 2288 1346 2326 duobus
1387 2296 1510 2325 castra

226 2399 242 2426 4
263 2395 377 2427 posset
395 2402 412 2419 a
429 2401 434 2419 z
461 2396 600 2428 possent
617 2390 674 2424 ΒΒ
690 2402 765 2420 sorr.
861 2401 875 2428 7
894 2390 1104 2421 altitudinem
1124 2389 1254 2420 Aldus:
1280 2389 1456 2421 altitudine
1476 2389 1511 2420 X

183 2442 225 2462 20
249 2441 334 2462 unus
353 2432 436 2462 codd.
456 2433 521 2462 (luo
536 2433 708 2465 dclcus'ores.
728 2432 953 2464 Flodom'dus:
980 2443 1080 2463 unum
1095 2433 1132 2463 X

1539 877 1578 900 10

1538 1200 1574 1232 ¹5

1536 1524 1575 1546 20
