1768 2739
113 832 150 854 10

115 2130 155 2160 30

434 132 508 169 DE
540 132 719 170 BELLO
750 131 995 170 GALLICO
1027 133 1128 169 LIB.
1164 133 1228 169 III

169 255 287 291 quam
333 240 538 279 minimum
583 240 681 290 spati
737 241 787 278 ad
837 254 877 278 se
920 240 1161 290 colligendos
1205 242 1494 291 armandosque

170 304 360 344 Romanis
381 305 544 351 daretur,
571 303 858 353 exanimatique
886 312 1155 354 pervenerunt.
1215 305 1382 343 Sabinus
1404 318 1494 343 suos
1518 321 1532 341 2

168 371 342 408 hortatus
355 367 602 419 cupientibus
619 367 771 418 signum
788 369 864 406 dat.
926 368 1131 418 Impeditis
1148 369 1326 408 hostibus
1340 378 1496 420 propter

168 447 213 472 ea
247 447 348 484 quae
377 433 551 471 ferebant
589 446 718 479 onera,
754 432 884 471 subito
919 433 1071 472 duabus
1101 433 1221 483 portis
1251 434 1493 484 eruptionem

168 498 248 536 fieri
262 497 380 536 iubet.
440 499 602 535 Factum
620 505 677 535 est
694 497 985 547 opportunitate
1001 497 1088 543 loci,
1107 497 1278 536 hostium
1294 497 1497 536 inscientia
1519 506 1535 535 5

167 576 212 600 ac
243 560 529 611 defetigatione,
563 561 702 599 virtute
737 561 903 599 militum
936 569 974 600 et
1005 561 1248 612 superiorum
1277 575 1494 612 pugnarum

167 625 451 672 exercitatione,
492 633 534 664 ut
579 640 627 664 ne
672 640 794 664 unum
840 626 1000 676 quidem
1044 634 1264 665 nostrorum
1306 626 1495 677 impetum

167 692 308 729 ferrent
338 704 383 729 ac
415 690 544 729 statim
571 698 675 741 terga
704 699 905 729 verterent.
965 692 1077 739 Quos
1107 691 1316 741 impeditos
1343 691 1497 742 integris
1519 706 1535 735 4

168 755 311 794 viribus
342 755 482 793 milites
521 755 641 794 nostri
675 755 873 794 consecuti
907 769 1091 805 magnum
1126 770 1331 794 numerum
1362 770 1496 794 eorum

169 820 396 859 occiderunt
411 836 421 868 3
451 820 619 870 reliquos
648 820 798 870 equites
826 820 1039 859 consectati
1064 834 1222 870 paucos,
1249 821 1315 871 qui
1343 836 1387 859 ex
1409 823 1497 871 fuga

168 893 379 932 evaserant,
405 885 651 935 reliquerunt.
712 885 774 924 Sic
796 899 875 924 uno
897 893 1072 936 tempore
1093 893 1130 924 et
1151 887 1201 924 de
1221 885 1347 924 navali
1369 899 1498 936 pugna
1520 899 1535 928 5

169 949 335 989 Sabinus
363 957 400 988 et
427 951 476 988 de
503 950 636 988 Sabini
667 950 826 989 victoria
853 952 996 990 Caesar
1022 950 1161 989 certior
1185 952 1332 998 factusg
1371 950 1498 988 civita-

170 1022 305 1064 tesque
335 1028 471 1053 omnes
505 1028 546 1053 se
578 1014 706 1052 statim
741 1015 893 1053 Titurio
925 1014 1170 1054 dediderunt.
1243 1017 1345 1053 Nam
1378 1022 1419 1052 ut
1448 1015 1498 1053 ad
1519 1023 1537 1053 6

170 1079 271 1117 bella
300 1078 548 1129 suscipienda
572 1081 772 1117 Gallorum
800 1081 925 1118 alacer
948 1093 993 1117 ac
1021 1087 1223 1129 promptus
1251 1087 1308 1117 est
1332 1078 1496 1124 animus,

169 1142 223 1180 sic
256 1142 383 1181 mollis
415 1157 459 1181 ac
491 1143 651 1182 minime
683 1143 863 1182 resistens
897 1145 946 1182 ad
978 1143 1216 1182 calamitates
1250 1144 1498 1193 perferendas

170 1221 280 1246 mens
301 1222 436 1246 eorum
458 1217 524 1247 est.

225 1274 378 1311 Eodem
421 1275 499 1312 fere
532 1282 705 1324 tempore
750 1276 789 1311 P.
832 1276 1004 1320 Crassus,
1041 1287 1131 1311 cum
1171 1273 1210 1311 in
1245 1272 1497 1323 Aquitaniam
1518 1279 1572 1307 20

170 1338 417 1388 pervenisset,
454 1352 554 1388 quae
592 1352 690 1388 pars,
724 1347 764 1376 ut
802 1346 891 1376 ante
931 1338 1079 1376 dictum
1119 1345 1186 1384 est,
1224 1346 1261 1376 et
1296 1338 1496 1388 regionum

170 1402 374 1441 latitudine
402 1411 439 1441 et
472 1402 721 1441 multitudine
753 1402 958 1440 hominum
995 1416 1040 1440 ex
1072 1402 1181 1440 tertia
1211 1410 1318 1452 parte
1351 1401 1499 1439 Galliac

113 1482 127 1502 2
171 1475 227 1506 est
264 1467 517 1514 aestimanda,
555 1481 644 1506 cum
680 1467 919 1517 intellegeret
957 1467 996 1505 in
1031 1466 1085 1506 eis
1120 1467 1214 1505 locis
1249 1467 1322 1505 sibi
1352 1467 1499 1505 bellum

170 1534 384 1582 gerendum
417 1533 484 1571 ubi
519 1532 652 1583 paucis
687 1541 777 1571 ante
810 1532 922 1570 annis
954 1534 994 1570 L.
1028 1532 1205 1570 Valerius
1236 1531 1499 1570 Praeconinus

171 1600 319 1649 legatus
368 1597 537 1636 exercitu
589 1599 702 1648 pulso
746 1596 970 1635 interfectus
1011 1604 1113 1635 esset
1151 1604 1270 1646 atque
1310 1598 1415 1635 unde
1455 1598 1496 1633 L.

174 1662 332 1700 Mallius
371 1664 580 1712 proconsul
615 1661 906 1712 impedimentis
949 1660 1098 1699 amissis
1136 1660 1379 1711 profugisset,
1420 1674 1499 1699 non

173 1727 411 1766 mediocrem
428 1727 501 1766 sibi
517 1727 757 1777 diligentiam
773 1726 1038 1765 adhibendam
1057 1725 1315 1776 intellegebat.
1361 1727 1500 1775 Itaque
1522 1741 1536 1761 2

173 1807 212 1831 re
233 1793 483 1832 frumentaria
498 1793 661 1844 provisa,
677 1792 825 1831 auxiliis
842 1791 1096 1841 equitatuque
1113 1798 1350 1840 comparato,
1370 1789 1500 1828 multis

173 1865 370 1908 praeterea
390 1858 477 1896 viris
498 1858 662 1897 fortibus
680 1859 825 1896 Tolosa
849 1853 1103 1908 [Carcasone]
1125 1862 1163 1893 et
1185 1855 1382 1901 Narbone,
1401 1868 1500 1905 quae

173 1930 263 1961 sunt
276 1922 449 1962 civitates
467 1923 615 1962 Galliae
632 1923 853 1974 provinciae
875 1921 1063 1960 finitimae
1086 1918 1163 1972 [ex]
1185 1919 1244 1957 his
1266 1918 1499 1969 regionibuS,

175 1987 406 2026 nominatim
429 1988 598 2027 evocatis
623 1988 662 2026 in
687 1987 906 2026 Sontiatum
928 1987 1015 2025 finis
1040 1984 1251 2024 exercitum
1276 1983 1498 2022 introduxit.

174 2052 297 2091 Cuius
336 2053 507 2091 adventu
548 2053 704 2104 cognito
745 2053 951 2100 Sontiates‚
995 2051 1145 2102 magnis
1191 2048 1313 2098 copiis
1358 2048 1501 2087 coactis
1523 2066 1539 2095 ρ,

174 2117 439 2168 equitatuque,
485 2131 564 2168 quo
601 2117 811 2168 plurimum
858 2119 1050 2165 valebant,
1100 2117 1139 2155 in
1181 2115 1318 2153 itinere
1362 2127 1501 2163 agmen

174 2189 350 2220 nostrum
388 2182 514 2221 adorti
548 2182 716 2233 primum
756 2190 934 2233 equestre
979 2182 1169 2233 proelium
1209 2178 1500 2225 commiserunt,

174 2246 319 2285 deinde
361 2247 536 2297 equitatu
580 2262 651 2286 suo
698 2250 810 2299 pulso
857 2256 974 2299 atque
1018 2247 1314 2298 insequentibus
1363 2243 1541 2291 nostri-54

176 2310 307 2350 subito
328 2312 517 2362 pedestris
542 2312 684 2363 copiaS,
712 2327 807 2363 quas
832 2312 870 2351 in
895 2314 1071 2352 convalle
1099 2312 1138 2350 in
1163 2311 1311 2351 insidiis
1339 2311 1502 2349 colloca-

227 2433 264 2452 12
283 2425 365 2495 {msctl
374 2422 502 2452 Caesar
518 2419 592 2451 add.
609 2424 660 2450 est
677 2422 699 2453 Β
717 2419 749 2450 Β
763 2430 831 2451 var.
922 2420 963 2450 26
987 2420 1178 2450 Carcasone
1196 2420 1218 2453 β
1235 2429 1241 2449 :
1265 2429 1330 2449 om.
1351 2431 1370 2449 α
1461 2428 1499 2457 27

182 2476 222 2497 ex
239 2475 307 2496 scc.
326 2477 339 2495 e
365 2490 369 2495 .
391 2474 406 2494 l
