1768 2739
138 519 154 550 5

121 847 159 869 10

125 1493 162 1515 20

433 138 506 174 DE
539 134 720 172 BELLO
750 133 995 171 GALLICO
1025 133 1128 170 LIB.
1160 133 1243 169 VII

174 250 345 289 curritur.
407 247 637 287 Prohibetur
661 246 711 284 ab
733 245 1037 293 Gobannitione,
1060 252 1198 296 patruo
1224 259 1308 292 suo,
1331 239 1501 295 reliquis-

175 329 251 365 que
272 313 521 366 principibus,
546 311 612 362 qui
632 312 734 349 hanc
762 310 1032 360 temptandam
1060 311 1256 347 fortunam
1277 323 1357 348 non
1378 308 1502 348 existi-

176 380 336 418 mabant
354 393 362 426 3
392 376 594 428 expellitur
613 390 660 414 ex
680 374 830 425 oppido
846 373 1062 425 Gergovia3
1089 388 1169 412 non
1190 373 1337 412 destitit
1358 381 1500 419 tamen,
1524 381 1542 410 3

174 452 292 494 atque
313 443 351 481 in
372 442 469 493 agris
490 441 610 479 habet
629 440 818 479 dilectum
840 438 1037 490 egentium
1053 452 1100 477 ac
1114 438 1368 488 perditorum.
1414 440 1504 476 Hac

175 516 310 547 coacta
337 521 466 553 manu,
490 518 763 556 quoscumque
785 504 867 543 adit
894 517 940 542 ex
967 503 1122 542 civitate
1146 504 1197 542 ad
1222 517 1331 541 suam
1353 509 1504 541 senten-

176 573 267 611 tiam
293 571 497 623 perducit3
525 572 701 609 hortatur
730 577 772 608 ut
799 568 1020 608 communis
1047 568 1234 607 libertatis
1262 581 1379 606 causa
1399 581 1506 605 arma
1526 579 1542 607 4

175 637 340 688 capiant,
364 635 593 686 magnisque
622 634 768 673 coactis
795 633 918 684 copiis
939 632 1180 672 adversarios
1207 645 1299 670 suos
1319 646 1342 670 a
1362 631 1505 682 quibus

175 703 293 752 paulo
323 708 414 739 ante
443 708 523 738 erat
555 699 701 737 eiectus
736 697 892 748 expellit
924 712 970 736 ex
1002 697 1166 736 civitate.
1228 698 1314 735 Rex
1347 696 1398 734 ab
1427 695 1505 734 suis
1527 707 1543 736 5

175 767 401 816 appellatur.
463 763 634 803 Dimittit
667 777 826 813 quoque
858 776 989 801 versus
1028 761 1252 811 legationes,
1290 762 1507 799 obtestatur

177 838 220 869 ut
248 830 288 868 in
318 831 396 868 fide
425 836 618 867 maneant.
679 828 866 867 Celeriter
895 827 968 865 sibi
999 828 1186 873 Senones,
1220 825 1396 871 Parisios,
1426 824 1507 862 Pic-
1527 832 1545 861 6

179 902 300 940 tones,
317 895 529 940 Cadurcos,
545 895 737 939 Turonos,
762 893 963 938 Aulercos,
988 890 1228 937 Lemovices,
1253 891 1403 935 Andos,
1426 888 1508 927 reli-

178 973 357 1008 quosque
383 958 511 996 omnis
539 957 606 1007 qui
633 958 838 996 Oceanum
865 956 1062 1005 attingunt
1087 954 1290 1004 adiungit:
1330 952 1506 992 omnium

178 1036 375 1061 consensu
394 1023 445 1060 ad
470 1035 559 1060 eum
584 1022 755 1059 defertur
781 1019 998 1070 imperium.
1052 1020 1143 1067 Qua
1163 1019 1295 1057 oblata
1315 1024 1508 1067 potestate
1531 1026 1547 1059 7

179 1087 363 1125 omnibus
393 1086 452 1124 his
482 1085 702 1124 civitatibus
732 1084 890 1123 obsides
920 1084 1095 1134 imperat,
1123 1090 1271 1121 certum
1301 1095 1508 1120 numerum

181 1151 348 1190 militum
378 1152 430 1189 ad
461 1164 503 1189 se
533 1150 707 1189 celeriter
737 1149 882 1188 adduci
914 1149 1022 1187 iubet
1039 1163 1048 1195 3
1089 1161 1285 1186 armorum
1317 1154 1507 1197 quantum
1530 1156 1547 1184 S

180 1230 360 1266 quaeque
394 1215 527 1253 civitas
566 1214 675 1253 domi
708 1215 896 1264 quodque
926 1220 1018 1251 ante
1052 1220 1206 1262 tempus
1242 1211 1381 1250 efficiat
1420 1225 1510 1250 con-

180 1280 328 1327 stituit3
371 1279 410 1317 in
448 1279 581 1329 primis
621 1278 809 1329 equitatui
848 1279 988 1316 studet.
1061 1279 1247 1316 Summae
1286 1275 1550 1326 diligentiae9

180 1359 374 1383 summam
413 1344 549 1394 imperi
589 1343 832 1382 severitatem
864 1342 1000 1389 addit3
1042 1341 1311 1391 magnitudine
1345 1339 1510 1391 supplici

180 1408 395 1447 dubitantis
430 1407 542 1457 cogit.
604 1409 706 1445 Nam
742 1406 887 1445 maiore
921 1405 1134 1444 commisso
1165 1405 1311 1444 delicto
1342 1404 1430 1454 igne
1459 1412 1512 1442 at·
1535 1419 1573 1440 10

181 1488 257 1523 que
296 1473 480 1512 omnibus
519 1471 723 1510 tormentis
762 1478 885 1518 necat,
927 1470 1071 1509 leviore
1109 1471 1160 1508 de
1199 1483 1316 1508 causa
1353 1469 1511 1508 auribus

182 1537 348 1576 desectis
386 1544 452 1575 aut
491 1536 650 1586 singulis
693 1535 843 1574 effossis
885 1534 1009 1573 oculis
1048 1535 1213 1573 domum
1258 1533 1429 1579 remittit,
1470 1540 1513 1570 ut

183 1602 259 1639 sint
286 1600 441 1651 reliquis
466 1602 708 1639 documento
733 1607 770 1637 et
798 1598 1066 1649 magnitudine
1096 1611 1248 1648 poenae
1276 1603 1512 1648 perterreant

182 1666 289 1704 alios.

240 1729 315 1767 His
338 1728 537 1779 suppliciis
559 1727 733 1766 celeriter
753 1735 892 1766 coacto
913 1727 1093 1774 exercitu,
1118 1726 1343 1766 Lucterium
1366 1727 1511 1766 Cadur·
1530 1734 1557 1775 5

127 1809 141 1830 2
186 1808 288 1840 cum,
318 1807 494 1832 summae
524 1792 727 1831 hominem
756 1792 955 1839 audaciae,
982 1806 1072 1831 cum
1102 1799 1211 1842 parte
1241 1790 1441 1842 copiarum
1472 1790 1511 1828 in

188 1861 366 1896 Rutenos
385 1857 526 1905 mittit3
556 1857 637 1908 ipse
652 1857 690 1895 in
705 1857 897 1908 Bituriges
911 1856 1177 1908 proficiscitur.
1230 1856 1324 1895 Eius
1340 1857 1511 1895 adventu
1536 1870 1548 1890 2

188 1922 379 1972 Bituriges
399 1923 450 1961 ad
473 1923 646 1969 Aeduos,
671 1936 840 1972 quorum
867 1929 976 1960 erant
1002 1921 1042 1959 in
1073 1922 1163 1968 fide,
1185 1922 1332 1971 legatos
1354 1920 1513 1958 mittunt

188 1986 405 2025 subsidium
441 1993 630 2036 rogatum,
662 2000 741 2036 quo
771 1986 921 2024 facilius
952 1985 1126 2024 hostium
1158 1984 1292 2035 copias
1325 1983 1513 2022 sustinere

188 2051 347 2101 possint.
418 2049 548 2089 Aedui
582 2052 632 2089 de
671 2050 836 2089 consilio
874 2052 1101 2100 legatorum,
1142 2062 1241 2099 quos
1283 2049 1426 2088 Caesar
1463 2048 1513 2085 ad
1535 2056 1552 2086 3

134 2133 145 2143 ἢ
189 2115 400 2155 exercitum
422 2115 638 2165 reliquerat,
662 2114 796 2165 copias
823 2114 1018 2164 equitatus
1038 2112 1316 2164 peditatusque
1337 2110 1514 2150 subsidio

191 2180 428 2230 Biturigibus
446 2179 613 2218 mittunt.
675 2179 754 2228 Qui
776 2193 866 2217 cum
882 2180 932 2217 ad
954 2180 1101 2217 flumen
1118 2176 1288 2228 Ligerim
1304 2175 1512 2221 venissent,
1534 2193 1553 2223 4

189 2246 297 2295 quod
329 2244 519 2294 Bituriges
553 2244 602 2282 ab
633 2243 782 2282 Aeduis
817 2243 966 2289 dividit,
998 2255 1144 2293 paucos
1174 2241 1258 2280 dies
1293 2240 1346 2280 ibi
1374 2239 1515 2280 morati

191 2323 319 2359 neque
350 2310 497 2347 flumen
527 2307 688 2347 transire
721 2307 804 2346 ausi
834 2309 998 2346 domum
1029 2313 1273 2345 revertuntur
1301 2303 1515 2356 legatisque
1535 2317 1551 2349 5

672 2414 707 2443 15
733 2405 824 2435 iubet
840 2406 881 2438 B:
907 2403 1003 2434 iussit
1019 2413 1039 2433 α

1374 2444 1430 2475 10*
