1768 2739
432 120 505 157 DE
538 118 717 157 BELLO
748 118 993 157 GALLICO
1024 119 1125 156 LIB.
1159 119 1240 156 VH

174 229 293 267 animi
311 228 619 279 magnitudinem
636 227 899 275 admiraretur,
918 241 1016 278 quos
1038 242 1117 267 non
1139 236 1352 268 castrorum
1375 230 1497 269 muni-

175 294 312 340 tiones,
353 307 432 332 non
474 293 639 332 altitudo
681 292 835 339 montis,
877 306 957 331 non
1000 307 1131 331 murus
1171 294 1306 344 oppidi
1346 296 1497 333 tardare

174 359 374 409 potuisset,
405 365 514 396 tanto
547 371 664 408 opere
697 357 894 396 licentiam
925 358 1263 408 arrogantiamque
1294 361 1497 408 reprehen-

174 424 276 470 dere,
310 424 417 473 quod
448 425 535 473 plus
567 437 607 461 se
638 436 755 472 quam
788 422 1062 472 imperatorem
1101 424 1152 461 de
1182 423 1342 461 victoria
1378 432 1496 473 atque

136 500 152 531 5
173 488 276 526 exitu
305 501 432 526 rerum
461 487 603 526 sentire
632 486 922 534 existimarent;
960 501 1033 525 nec
1062 487 1191 525 minus
1221 501 1262 526 se
1295 488 1345 526 ab
1375 488 1496 526 milite
1516 508 1533 537 4

172 553 405 591 modestiam
445 559 482 590 et
524 551 807 590 continentiam
846 565 964 602 quam
998 551 1179 590 virtutem
1218 559 1337 601 atque
1375 552 1495 590 animi

172 616 481 667 magnitudinem
503 616 733 655 desiderare.

227 683 316 720 Hac
347 681 480 720 habita
511 681 696 719 contione
735 688 773 719 et
806 682 857 719 ad
892 688 1103 720 extremam
1141 681 1359 720 orationem
1405 694 1493 720 con·
1513 692 1564 730 53

172 745 330 783 firmatis
371 745 571 792 militibus,
608 759 658 784 ne
698 746 750 784 ob
791 747 892 784 hanc
927 759 1086 784 causam
1124 745 1257 784 animo
1295 758 1495 796 permove-

115 828 153 850 10
171 818 301 848 rentur
329 824 405 848 neu
436 811 543 860 quod
572 810 755 860 iniquitas
782 810 858 848 loci
884 810 1074 848 attulisset
1100 809 1141 848 id
1165 810 1294 848 virtuti
1322 810 1493 848 hostium

170 874 394 921 tribuerent,
411 875 549 913 eadem
571 875 620 913 de
636 874 878 925 profectione
894 874 1068 924 cogitans
1089 887 1189 923 quae
1210 881 1301 912 ante
1322 882 1493 912 senserat

169 938 341 988 legiones
365 952 411 977 ex
437 938 570 977 castris
598 938 730 977 eduxit
756 938 960 988 aciemque
993 938 1138 976 idoneo
1165 940 1254 976 loco
1278 938 1489 976 constituit.

170 1004 272 1042 Cum
294 1003 586 1053 Vercingetorix
613 1003 735 1041 nihilo
762 1003 890 1041 minus
917 1003 955 1041 in
980 1016 1150 1052 aequum
1180 1004 1312 1041 locum
1333 1004 1492 1041 descen·
1514 1018 1528 1039 2

168 1068 288 1113 deret,
322 1067 395 1105 levi
422 1069 526 1105 facto
557 1067 725 1117 equestri
757 1067 905 1118 proelio
936 1075 1053 1117 atque
1085 1068 1260 1105 secundo
1294 1067 1333 1104 in
1368 1074 1492 1105 castra

112 1149 148 1181 15
169 1131 379 1169 exercitum
409 1132 570 1170 reduxit.
650 1133 751 1171 Cum
791 1133 866 1170 hoc
901 1131 1005 1170 idem
1044 1138 1201 1181 postero
1231 1131 1294 1170 die
1324 1131 1488 1178 fecisset,
1512 1143 1529 1173 3

167 1195 258 1233 satis
297 1197 347 1234 ad
379 1196 570 1234 Gallicam
609 1195 912 1234 ostentationem
951 1196 1205 1234 minuendam
1245 1196 1491 1246 militumque

165 1260 317 1298 animos
347 1261 637 1299 confirmandos
666 1262 812 1299 factum
852 1261 1075 1299 existimans
1105 1260 1144 1298 in
1174 1262 1336 1299 Aeduos
1368 1261 1490 1299 movit

165 1332 299 1363 castra.
371 1326 432 1363 Ne
465 1332 546 1362 tum
580 1324 740 1375 quidem
768 1325 951 1363 insecutis
982 1325 1171 1371 hostibus,
1203 1325 1316 1364 tertio
1346 1325 1410 1364 die
1439 1327 1488 1364 ad
1508 1341 1528 1371 4

164 1390 311 1428 flumen
333 1390 473 1428 Elaver
492 1389 622 1439 pontis
643 1389 765 1428 reficit
786 1403 912 1439 eoque
933 1389 1143 1428 exercitum
1164 1390 1340 1428 traducit.

106 1473 146 1494 20
220 1454 281 1493 Ibi
310 1468 333 1492 a
361 1454 609 1492 Viridomaro
638 1462 755 1504 atque
795 1454 1060 1504 Eporedorige
1092 1453 1241 1492 Aeduis
1271 1455 1488 1504 appellatus
1507 1463 1558 1503 54

164 1518 277 1556 discit
298 1531 388 1556 cum
404 1518 512 1556 omni
529 1518 703 1568 equitatu
722 1518 961 1556 Litaviccum
975 1520 1025 1556 ad
1039 1518 1305 1557 sollicitandos
1327 1519 1488 1557 Aeduos

163 1585 405 1632 profectum:
447 1597 546 1633 opus
579 1596 662 1622 esse
697 1582 801 1633 ipsos
835 1583 1066 1621 antecedere
1100 1584 1150 1621 ad
1177 1583 1487 1621 confirmandam

162 1648 368 1687 civitatem.
449 1648 532 1686 Etsi
572 1648 703 1686 multis
746 1647 822 1685 iam
862 1648 976 1685 rebus
1015 1647 1217 1696 perfidiam
1257 1648 1485 1685 Aeduorum
1509 1662 1523 1682 2

161 1720 405 1762 perspectam
453 1713 623 1751 habebat
671 1719 788 1762 atque
836 1713 975 1749 horum
1022 1710 1196 1749 discessu
1252 1712 1486 1750 admaturari

104 1796 140 1827 25
161 1777 423 1816 defectionem
451 1777 615 1816 civitatis
643 1777 897 1822 existimabat,
922 1783 1052 1814 tamen
1073 1789 1140 1814 eos
1161 1776 1385 1814 retinendos
1406 1790 1486 1814 non

161 1841 373 1888 constituit,
397 1855 446 1880 ne
467 1849 533 1880 aut
557 1841 696 1880 inferre
722 1841 900 1879 iniuriam
923 1840 1116 1879 videretur
1136 1847 1203 1878 aut
1224 1841 1316 1878 dare
1336 1840 1486 1878 timoris

160 1905 331 1955 aliquam
363 1906 636 1955 suspicionem.
716 1904 1020 1944 Discedentibus
1055 1904 1113 1942 his
1152 1904 1319 1942 breviter
1349 1917 1417 1942 sua
1446 1905 1485 1942 in
1506 1919 1524 1949 3

162 1971 323 2008 Aeduos
348 1970 484 2008 merita
508 1969 710 2019 exposuit:
741 1982 839 2019 quos
865 1977 902 2007 et
933 1982 1050 2018 quam
1081 1968 1238 2006 humilis
1258 1967 1481 2017 accepisset,

160 2035 384 2083 compulsos
412 2034 450 2071 in
475 2034 630 2084 oppida,
650 2035 833 2071 multatos
853 2033 962 2083 agris,
983 2033 1166 2071 omnibus
1187 2032 1327 2082 ereptis
1349 2031 1482 2082 copiis,

101 2117 140 2147 30
159 2097 345 2148 imposito
393 2098 600 2147 stipendio,
649 2098 853 2136 obsidibus
910 2111 1064 2136 summa
1111 2111 1201 2136 cum
1246 2097 1484 2135 contumelia

159 2162 326 2208 extortis,
359 2169 397 2200 et
427 2175 544 2211 quarn
574 2162 613 2199 in
643 2163 837 2200 fortunam
867 2175 1066 2211 quamque
1106 2161 1144 2199 in
1183 2160 1481 2211 amplitudinem
1502 2176 1521 2206 4

158 2226 394 2272 deduxisset,
426 2234 467 2263 ut
506 2239 584 2264 non
624 2228 750 2264 solum
790 2226 828 2263 in
868 2226 1072 2276 pristinum
1109 2232 1252 2263 statum
1292 2225 1483 2265 redissent

206 2339 218 2358 1
245 2329 335 2367 quod
360 2340 380 2358 a
512 2338 530 2367 5
548 2326 604 2368 ab]
623 2328 689 2362 ἰηβ
827 2338 862 2366 14
883 2332 957 2368 post
983 2333 1084 2366 atque
1111 2327 1185 2358 add.
1208 2339 1248 2359 eo
1276 2330 1300 2362 Β
1444 2340 1483 2368 19

159 2376 297 2410 pontem
330 2372 442 2402 effecit
467 2371 562 2411 (fecit
591 2372 634 2411 T)
661 2371 915 2409 exercitumque
946 2371 1093 2401 traduxit
1118 2373 1140 2404 β
1273 2373 1315 2401 26
1339 2372 1432 2403 daret
1459 2375 1482 2407 β

159 2425 201 2453 29
225 2420 257 2445 et
274 2418 348 2444 ante
363 2414 553 2454 compulsos
570 2413 643 2444 add.
662 2425 682 2444 a
