<?xml version="1.0" encoding="UTF-8"?>
<!DOCTYPE html PUBLIC "-//W3C//DTD XHTML 1.0 Transitional//EN"
    "http://www.w3.org/TR/xhtml1/DTD/xhtml1-transitional.dtd">
<html xmlns="http://www.w3.org/1999/xhtml" xml:lang="en" lang="en">
 <head>
  <title>
</title>
<meta http-equiv="Content-Type" content="text/html;charset=utf-8" />
  <meta name='ocr-system' content='tesseract 3.04.00' />
  <meta name='ocr-capabilities' content='ocr_page ocr_carea ocr_par ocr_line ocrx_word'/>
</head>
<body>
  <div class='ocr_page' id='page_1' title='image "./commentariorumpa01caesuoft_0213.png"; bbox 0 0 1768 2739; ppageno 0'>
   <div class='ocr_carea' id='block_1_1' title="bbox 423 155 1253 193">
    <p class='ocr_par' dir='ltr' id='par_1_1' title="bbox 423 155 1253 193">
     <span class='ocr_line' id='line_1_1' title="bbox 423 155 1253 193; baseline -0.002 0"><span class='ocrx_word' id='word_1_1' title='bbox 423 156 496 193; x_wconf 83' lang='lat' dir='ltr'>DE</span> <span class='ocrx_word' id='word_1_2' title='bbox 528 155 706 193; x_wconf 87' lang='lat' dir='ltr'>BELLO</span> <span class='ocrx_word' id='word_1_3' title='bbox 738 155 982 193; x_wconf 85' lang='lat' dir='ltr'>GALLICO</span> <span class='ocrx_word' id='word_1_4' title='bbox 1014 156 1114 192; x_wconf 89' lang='lat' dir='ltr'>LIB.</span> <span class='ocrx_word' id='word_1_5' title='bbox 1147 155 1253 191; x_wconf 80' lang='lat' dir='ltr'>VIII</span> 
     </span>
    </p>
   </div>
   <div class='ocr_carea' id='block_1_2' title="bbox 107 267 1561 2262">
    <p class='ocr_par' dir='ltr' id='par_1_2' title="bbox 117 267 1539 901">
     <span class='ocr_line' id='line_1_2' title="bbox 176 267 1495 318; baseline -0.002 -11"><span class='ocrx_word' id='word_1_6' title='bbox 176 269 324 309; x_wconf 89' lang='lat' dir='ltr'>ratione</span> <span class='ocrx_word' id='word_1_7' title='bbox 351 269 432 308; x_wconf 90' lang='lat' dir='ltr'>eius</span> <span class='ocrx_word' id='word_1_8' title='bbox 456 268 670 307; x_wconf 83' lang='lat' dir='ltr'>altitudinis</span> <span class='ocrx_word' id='word_1_9' title='bbox 694 267 941 315; x_wconf 83' lang='lat' dir='ltr'>inaedificari‚</span> <span class='ocrx_word' id='word_1_10' title='bbox 966 269 1108 306; x_wconf 87' lang='lat' dir='ltr'>fossam</span> <span class='ocrx_word' id='word_1_11' title='bbox 1131 267 1328 318; x_wconf 77' lang='lat' dir='ltr'>duplicem</span> <span class='ocrx_word' id='word_1_12' title='bbox 1350 269 1495 318; x_wconf 91' lang='lat' dir='ltr'>pedum</span> 
     </span>
     <span class='ocr_line' id='line_1_3' title="bbox 175 332 1495 384; baseline -0.002 -11"><span class='ocrx_word' id='word_1_13' title='bbox 175 335 322 373; x_wconf 91' lang='lat' dir='ltr'>denum</span> <span class='ocrx_word' id='word_1_14' title='bbox 357 334 520 384; x_wconf 89' lang='lat' dir='ltr'>quinum</span> <span class='ocrx_word' id='word_1_15' title='bbox 554 333 737 372; x_wconf 86' lang='lat' dir='ltr'>lateribus</span> <span class='ocrx_word' id='word_1_16' title='bbox 776 332 941 383; x_wconf 79' lang='lat' dir='ltr'><strong>deprimi</strong></span> <span class='ocrx_word' id='word_1_17' title='bbox 973 333 1148 380; x_wconf 86' lang='lat' dir='ltr'>derectis,</span> <span class='ocrx_word' id='word_1_18' title='bbox 1191 333 1302 371; x_wconf 88' lang='lat' dir='ltr'>turris</span> <span class='ocrx_word' id='word_1_19' title='bbox 1341 333 1495 371; x_wconf 81' lang='lat' dir='ltr'>excitari</span> 
     </span>
     <span class='ocr_line' id='line_1_4' title="bbox 175 397 1496 447; baseline -0.001 -10"><span class='ocrx_word' id='word_1_20' title='bbox 175 400 328 437; x_wconf 89' lang='lat' dir='ltr'>crebras</span> <span class='ocrx_word' id='word_1_21' title='bbox 350 399 388 437; x_wconf 92' lang='lat' dir='ltr'>in</span> <span class='ocrx_word' id='word_1_22' title='bbox 414 397 662 437; x_wconf 80' lang='lat' dir='ltr'>altitudinem</span> <span class='ocrx_word' id='word_1_23' title='bbox 682 397 798 436; x_wconf 90' lang='lat' dir='ltr'>trium</span> <span class='ocrx_word' id='word_1_24' title='bbox 826 398 1098 444; x_wconf 82' lang='lat' dir='ltr'>tabulatorum,</span> <span class='ocrx_word' id='word_1_25' title='bbox 1122 397 1308 447; x_wconf 89' lang='lat' dir='ltr'>pontibus</span> <span class='ocrx_word' id='word_1_26' title='bbox 1329 398 1496 436; x_wconf 88' lang='lat' dir='ltr'>traiectis</span> 
     </span>
     <span class='ocr_line' id='line_1_5' title="bbox 175 461 1496 513; baseline -0.002 -12"><span class='ocrx_word' id='word_1_27' title='bbox 175 463 458 513; x_wconf 79' lang='lat' dir='ltr'>constratisque</span> <span class='ocrx_word' id='word_1_28' title='bbox 500 461 694 511; x_wconf 83' lang='lat' dir='ltr'>coniungi,</span> <span class='ocrx_word' id='word_1_29' title='bbox 736 475 903 511; x_wconf 89' lang='lat' dir='ltr'>quorum</span> <span class='ocrx_word' id='word_1_30' title='bbox 944 463 1089 500; x_wconf 89' lang='lat' dir='ltr'>frontes</span> <span class='ocrx_word' id='word_1_31' title='bbox 1126 461 1295 500; x_wconf 90' lang='lat' dir='ltr'>viminea</span> <span class='ocrx_word' id='word_1_32' title='bbox 1336 462 1496 500; x_wconf 88' lang='lat' dir='ltr'>loricula</span> 
     </span>
     <span class='ocr_line' id='line_1_6' title="bbox 137 526 1497 576; baseline -0.001 -10"><span class='ocrx_word' id='word_1_33' title='bbox 137 539 154 570; x_wconf 85' lang='lat'>5</span> <span class='ocrx_word' id='word_1_34' title='bbox 175 528 427 575; x_wconf 81' lang='lat' dir='ltr'>munirentur,</span> <span class='ocrx_word' id='word_1_35' title='bbox 450 535 491 565; x_wconf 90' lang='lat' dir='ltr'>ut</span> <span class='ocrx_word' id='word_1_36' title='bbox 515 528 564 565; x_wconf 93' lang='lat' dir='ltr'>ab</span> <span class='ocrx_word' id='word_1_37' title='bbox 592 526 770 565; x_wconf 84' lang='lat' dir='ltr'>hostibus</span> <span class='ocrx_word' id='word_1_38' title='bbox 797 526 943 576; x_wconf 88' lang='lat' dir='ltr'>duplici</span> <span class='ocrx_word' id='word_1_39' title='bbox 970 528 1084 573; x_wconf 87' lang='lat' dir='ltr'>fossa,</span> <span class='ocrx_word' id='word_1_40' title='bbox 1107 526 1253 576; x_wconf 87' lang='lat' dir='ltr'>duplici</span> <span class='ocrx_word' id='word_1_41' title='bbox 1280 539 1497 576; x_wconf 80' lang='lat' dir='ltr'>propugna-</span> 
     </span>
     <span class='ocr_line' id='line_1_7' title="bbox 175 590 1539 640; baseline -0.001 -10"><span class='ocrx_word' id='word_1_42' title='bbox 175 601 303 631; x_wconf 86' lang='lat' dir='ltr'>torum</span> <span class='ocrx_word' id='word_1_43' title='bbox 324 592 461 630; x_wconf 88' lang='lat' dir='ltr'>ordine</span> <span class='ocrx_word' id='word_1_44' title='bbox 488 592 802 637; x_wconf 85' lang='lat' dir='ltr'>defenderentur,</span> <span class='ocrx_word' id='word_1_45' title='bbox 826 604 992 640; x_wconf 88' lang='lat' dir='ltr'>quorum</span> <span class='ocrx_word' id='word_1_46' title='bbox 1013 592 1109 628; x_wconf 88' lang='lat' dir='ltr'>alter</span> <span class='ocrx_word' id='word_1_47' title='bbox 1130 604 1176 628; x_wconf 84' lang='lat' dir='ltr'>ex</span> <span class='ocrx_word' id='word_1_48' title='bbox 1195 590 1393 640; x_wconf 86' lang='lat' dir='ltr'>pontibus,</span> <span class='ocrx_word' id='word_1_49' title='bbox 1417 603 1496 640; x_wconf 91' lang='lat' dir='ltr'>quo</span> <span class='ocrx_word' id='word_1_50' title='bbox 1520 604 1539 634; x_wconf 85' lang='lat'>4</span> 
     </span>
     <span class='ocr_line' id='line_1_8' title="bbox 173 654 1497 704; baseline -0.002 -10"><span class='ocrx_word' id='word_1_51' title='bbox 173 656 291 694; x_wconf 89' lang='lat' dir='ltr'>tutior</span> <span class='ocrx_word' id='word_1_52' title='bbox 315 656 519 694; x_wconf 82' lang='lat' dir='ltr'>altitudine</span> <span class='ocrx_word' id='word_1_53' title='bbox 547 663 659 702; x_wconf 83' lang='lat' dir='ltr'>esset,</span> <span class='ocrx_word' id='word_1_54' title='bbox 682 657 758 693; x_wconf 91' lang='lat' dir='ltr'>hoc</span> <span class='ocrx_word' id='word_1_55' title='bbox 781 655 968 693; x_wconf 85' lang='lat' dir='ltr'>audacius</span> <span class='ocrx_word' id='word_1_56' title='bbox 995 655 1228 704; x_wconf 83' lang='lat' dir='ltr'>longiusque</span> <span class='ocrx_word' id='word_1_57' title='bbox 1257 654 1497 704; x_wconf 86' lang='lat' dir='ltr'>permitteret</span> 
     </span>
     <span class='ocr_line' id='line_1_9' title="bbox 172 720 1494 771; baseline -0.002 -11"><span class='ocrx_word' id='word_1_58' title='bbox 172 723 257 768; x_wconf 88' lang='lat' dir='ltr'>tela,</span> <span class='ocrx_word' id='word_1_59' title='bbox 284 722 389 768; x_wconf 86' lang='lat' dir='ltr'>alter,</span> <span class='ocrx_word' id='word_1_60' title='bbox 413 721 479 771; x_wconf 92' lang='lat' dir='ltr'>qui</span> <span class='ocrx_word' id='word_1_61' title='bbox 500 720 656 771; x_wconf 88' lang='lat' dir='ltr'>propior</span> <span class='ocrx_word' id='word_1_62' title='bbox 680 722 834 758; x_wconf 86' lang='lat' dir='ltr'>hostem</span> <span class='ocrx_word' id='word_1_63' title='bbox 858 721 898 758; x_wconf 92' lang='lat' dir='ltr'>in</span> <span class='ocrx_word' id='word_1_64' title='bbox 922 721 1007 771; x_wconf 90' lang='lat' dir='ltr'>ipso</span> <span class='ocrx_word' id='word_1_65' title='bbox 1027 722 1128 758; x_wconf 92' lang='lat' dir='ltr'>vallo</span> <span class='ocrx_word' id='word_1_66' title='bbox 1148 722 1361 758; x_wconf 87' lang='lat' dir='ltr'>collocatus</span> <span class='ocrx_word' id='word_1_67' title='bbox 1383 727 1494 766; x_wconf 90' lang='lat' dir='ltr'>esset,</span> 
     </span>
     <span class='ocr_line' id='line_1_10' title="bbox 172 786 1496 837; baseline -0.001 -12"><span class='ocrx_word' id='word_1_68' title='bbox 172 794 292 837; x_wconf 88' lang='lat' dir='ltr'>ponte</span> <span class='ocrx_word' id='word_1_69' title='bbox 307 787 356 825; x_wconf 88' lang='lat' dir='ltr'>ab</span> <span class='ocrx_word' id='word_1_70' title='bbox 370 786 634 824; x_wconf 86' lang='lat' dir='ltr'>incidentibus</span> <span class='ocrx_word' id='word_1_71' title='bbox 649 786 733 825; x_wconf 88' lang='lat' dir='ltr'>telis</span> <span class='ocrx_word' id='word_1_72' title='bbox 754 794 955 836; x_wconf 83' lang='lat' dir='ltr'>tegeretur.</span> <span class='ocrx_word' id='word_1_73' title='bbox 1015 786 1139 825; x_wconf 90' lang='lat' dir='ltr'>Portis</span> <span class='ocrx_word' id='word_1_74' title='bbox 1156 786 1246 825; x_wconf 89' lang='lat' dir='ltr'>foris</span> <span class='ocrx_word' id='word_1_75' title='bbox 1262 786 1496 836; x_wconf 84' lang='lat' dir='ltr'>altioresque</span> 
     </span>
     <span class='ocr_line' id='line_1_11' title="bbox 117 850 498 901; baseline -0.003 -12"><span class='ocrx_word' id='word_1_76' title='bbox 117 862 155 884; x_wconf 88' lang='lat'>10</span> <span class='ocrx_word' id='word_1_77' title='bbox 172 851 283 889; x_wconf 89' lang='lat' dir='ltr'>turris</span> <span class='ocrx_word' id='word_1_78' title='bbox 303 850 498 901; x_wconf 89' lang='lat' dir='ltr'>imposuit.</span> 
     </span>
    </p>

    <p class='ocr_par' dir='ltr' id='par_1_3' title="bbox 171 915 1561 1161">
     <span class='ocr_line' id='line_1_12' title="bbox 228 915 1561 967; baseline 0.001 -14"><span class='ocrx_word' id='word_1_79' title='bbox 228 915 357 954; x_wconf 89' lang='lat' dir='ltr'>Huius</span> <span class='ocrx_word' id='word_1_80' title='bbox 396 916 623 955; x_wconf 85' lang='lat' dir='ltr'>munitionis</span> <span class='ocrx_word' id='word_1_81' title='bbox 658 918 802 967; x_wconf 83' lang='lat' dir='ltr'>duplex</span> <span class='ocrx_word' id='word_1_82' title='bbox 840 924 920 955; x_wconf 89' lang='lat' dir='ltr'>erat</span> <span class='ocrx_word' id='word_1_83' title='bbox 951 916 1168 955; x_wconf 89' lang='lat' dir='ltr'>consilium.</span> <span class='ocrx_word' id='word_1_84' title='bbox 1242 918 1426 967; x_wconf 86' lang='lat' dir='ltr'>Namque</span> <span class='ocrx_word' id='word_1_85' title='bbox 1456 924 1493 954; x_wconf 89' lang='lat' dir='ltr'>et</span> <span class='ocrx_word' id='word_1_86' title='bbox 1515 927 1561 955; x_wconf 93' lang='lat'>10</span> 
     </span>
     <span class='ocr_line' id='line_1_13' title="bbox 172 980 1494 1031; baseline 0.002 -14"><span class='ocrx_word' id='word_1_87' title='bbox 172 993 334 1029; x_wconf 88' lang='lat' dir='ltr'>operum</span> <span class='ocrx_word' id='word_1_88' title='bbox 359 980 667 1030; x_wconf 85' lang='lat' dir='ltr'>magnitudinem</span> <span class='ocrx_word' id='word_1_89' title='bbox 693 988 731 1019; x_wconf 91' lang='lat' dir='ltr'>et</span> <span class='ocrx_word' id='word_1_90' title='bbox 757 981 936 1019; x_wconf 88' lang='lat' dir='ltr'>timorem</span> <span class='ocrx_word' id='word_1_91' title='bbox 965 994 1077 1019; x_wconf 89' lang='lat' dir='ltr'>suum</span> <span class='ocrx_word' id='word_1_92' title='bbox 1105 981 1285 1031; x_wconf 84' lang='lat' dir='ltr'>sperabat</span> <span class='ocrx_word' id='word_1_93' title='bbox 1309 980 1494 1019; x_wconf 90' lang='lat' dir='ltr'>fiduciam</span> 
     </span>
     <span class='ocr_line' id='line_1_14' title="bbox 171 1045 1495 1097; baseline 0.001 -14"><span class='ocrx_word' id='word_1_94' title='bbox 171 1045 344 1084; x_wconf 86' lang='lat' dir='ltr'>barbaris</span> <span class='ocrx_word' id='word_1_95' title='bbox 382 1047 587 1084; x_wconf 89' lang='lat' dir='ltr'>allaturum</span> <span class='ocrx_word' id='word_1_96' title='bbox 636 1054 684 1093; x_wconf 91' lang='lat' dir='ltr'>et,</span> <span class='ocrx_word' id='word_1_97' title='bbox 725 1060 815 1085; x_wconf 89' lang='lat' dir='ltr'>cum</span> <span class='ocrx_word' id='word_1_98' title='bbox 863 1047 1092 1097; x_wconf 83' lang='lat' dir='ltr'>pabulatum</span> <span class='ocrx_word' id='word_1_99' title='bbox 1136 1048 1495 1096; x_wconf 88' lang='lat' dir='ltr'>frumentatumque</span> 
     </span>
     <span class='ocr_line' id='line_1_15' title="bbox 171 1109 1495 1161; baseline 0.002 -15"><span class='ocrx_word' id='word_1_100' title='bbox 171 1109 323 1159; x_wconf 82' lang='lat' dir='ltr'>longius</span> <span class='ocrx_word' id='word_1_101' title='bbox 350 1118 451 1149; x_wconf 89' lang='lat' dir='ltr'>esset</span> <span class='ocrx_word' id='word_1_102' title='bbox 471 1111 812 1161; x_wconf 89' lang='lat' dir='ltr'>proficiscendum,</span> <span class='ocrx_word' id='word_1_103' title='bbox 834 1112 961 1161; x_wconf 89' lang='lat' dir='ltr'>parvis</span> <span class='ocrx_word' id='word_1_104' title='bbox 986 1111 1108 1161; x_wconf 89' lang='lat' dir='ltr'>copiis</span> <span class='ocrx_word' id='word_1_105' title='bbox 1129 1119 1252 1149; x_wconf 91' lang='lat' dir='ltr'>castra</span> <span class='ocrx_word' id='word_1_106' title='bbox 1277 1111 1495 1149; x_wconf 90' lang='lat' dir='ltr'>munitione</span> 
     </span>
    </p>

    <p class='ocr_par' dir='ltr' id='par_1_4' title="bbox 116 1173 1533 1484">
     <span class='ocr_line' id='line_1_16' title="bbox 116 1173 1533 1226; baseline 0.002 -15"><span class='ocrx_word' id='word_1_107' title='bbox 116 1186 150 1217; x_wconf 88' lang='lat'>15</span> <span class='ocrx_word' id='word_1_108' title='bbox 170 1173 254 1224; x_wconf 83' lang='lat' dir='ltr'>ipsa</span> <span class='ocrx_word' id='word_1_109' title='bbox 270 1174 427 1213; x_wconf 86' lang='lat' dir='ltr'>videbat</span> <span class='ocrx_word' id='word_1_110' title='bbox 443 1189 557 1226; x_wconf 86' lang='lat' dir='ltr'>posse</span> <span class='ocrx_word' id='word_1_111' title='bbox 574 1176 743 1214; x_wconf 90' lang='lat' dir='ltr'>defendi.</span> <span class='ocrx_word' id='word_1_112' title='bbox 804 1175 965 1214; x_wconf 89' lang='lat' dir='ltr'>Interim</span> <span class='ocrx_word' id='word_1_113' title='bbox 987 1176 1122 1214; x_wconf 89' lang='lat' dir='ltr'>crebro</span> <span class='ocrx_word' id='word_1_114' title='bbox 1143 1174 1277 1225; x_wconf 86' lang='lat' dir='ltr'>paucis</span> <span class='ocrx_word' id='word_1_115' title='bbox 1299 1175 1494 1225; x_wconf 88' lang='lat' dir='ltr'>utrimque</span> <span class='ocrx_word' id='word_1_116' title='bbox 1520 1188 1533 1208; x_wconf 93' lang='lat'><strong>2</strong></span> 
     </span>
     <span class='ocr_line' id='line_1_17' title="bbox 170 1239 1495 1290; baseline 0.001 -13"><span class='ocrx_word' id='word_1_117' title='bbox 170 1240 486 1289; x_wconf 86' lang='lat' dir='ltr'>procurrentibus</span> <span class='ocrx_word' id='word_1_118' title='bbox 512 1240 611 1278; x_wconf 91' lang='lat' dir='ltr'>inter</span> <span class='ocrx_word' id='word_1_119' title='bbox 631 1240 723 1279; x_wconf 90' lang='lat' dir='ltr'>bina</span> <span class='ocrx_word' id='word_1_120' title='bbox 748 1247 869 1278; x_wconf 89' lang='lat' dir='ltr'>castra</span> <span class='ocrx_word' id='word_1_121' title='bbox 893 1241 1037 1290; x_wconf 89' lang='lat' dir='ltr'>palude</span> <span class='ocrx_word' id='word_1_122' title='bbox 1064 1239 1264 1278; x_wconf 85' lang='lat' dir='ltr'>interiecta</span> <span class='ocrx_word' id='word_1_123' title='bbox 1285 1241 1495 1278; x_wconf 90' lang='lat' dir='ltr'>contende-</span> 
     </span>
     <span class='ocr_line' id='line_1_18' title="bbox 170 1304 1495 1355; baseline 0.001 -14"><span class='ocrx_word' id='word_1_124' title='bbox 170 1304 306 1351; x_wconf 68' lang='lat' dir='ltr'>batur,</span> <span class='ocrx_word' id='word_1_125' title='bbox 347 1318 465 1354; x_wconf 90' lang='lat' dir='ltr'>quam</span> <span class='ocrx_word' id='word_1_126' title='bbox 504 1312 635 1343; x_wconf 89' lang='lat' dir='ltr'>tamen</span> <span class='ocrx_word' id='word_1_127' title='bbox 670 1306 855 1355; x_wconf 89' lang='lat' dir='ltr'>paludem</span> <span class='ocrx_word' id='word_1_128' title='bbox 888 1318 967 1343; x_wconf 89' lang='lat' dir='ltr'>non</span> <span class='ocrx_word' id='word_1_129' title='bbox 999 1318 1216 1354; x_wconf 86' lang='lat' dir='ltr'>numquam</span> <span class='ocrx_word' id='word_1_130' title='bbox 1258 1312 1325 1342; x_wconf 87' lang='lat' dir='ltr'>aut</span> <span class='ocrx_word' id='word_1_131' title='bbox 1363 1312 1495 1343; x_wconf 87' lang='lat' dir='ltr'>nostra</span> 
     </span>
     <span class='ocr_line' id='line_1_19' title="bbox 168 1368 1494 1420; baseline 0.002 -14"><span class='ocrx_word' id='word_1_132' title='bbox 168 1368 310 1407; x_wconf 86' lang='lat' dir='ltr'>auxilia</span> <span class='ocrx_word' id='word_1_133' title='bbox 355 1371 556 1408; x_wconf 87' lang='lat' dir='ltr'>Gallorum</span> <span class='ocrx_word' id='word_1_134' title='bbox 611 1371 976 1420; x_wconf 88' lang='lat' dir='ltr'>Germanorumque</span> <span class='ocrx_word' id='word_1_135' title='bbox 1028 1369 1243 1408; x_wconf 88' lang='lat' dir='ltr'>transibant</span> <span class='ocrx_word' id='word_1_136' title='bbox 1289 1369 1494 1419; x_wconf 89' lang='lat' dir='ltr'>acriusque</span> 
     </span>
     <span class='ocr_line' id='line_1_20' title="bbox 169 1433 1493 1484; baseline 0.001 -13"><span class='ocrx_word' id='word_1_137' title='bbox 169 1433 290 1472; x_wconf 88' lang='lat' dir='ltr'>hostis</span> <span class='ocrx_word' id='word_1_138' title='bbox 317 1433 633 1484; x_wconf 88' lang='lat' dir='ltr'>insequebantur,</span> <span class='ocrx_word' id='word_1_139' title='bbox 655 1442 721 1473; x_wconf 92' lang='lat' dir='ltr'>aut</span> <span class='ocrx_word' id='word_1_140' title='bbox 747 1434 914 1473; x_wconf 88' lang='lat' dir='ltr'>vicissim</span> <span class='ocrx_word' id='word_1_141' title='bbox 942 1436 1074 1473; x_wconf 88' lang='lat' dir='ltr'>hostes</span> <span class='ocrx_word' id='word_1_142' title='bbox 1099 1435 1241 1473; x_wconf 87' lang='lat' dir='ltr'>eodem</span> <span class='ocrx_word' id='word_1_143' title='bbox 1268 1434 1493 1484; x_wconf 85' lang='lat' dir='ltr'>transgressi</span> 
     </span>
    </p>

    <p class='ocr_par' dir='ltr' id='par_1_5' title="bbox 112 1499 1535 1796">
     <span class='ocr_line' id='line_1_21' title="bbox 112 1499 1533 1549; baseline 0.004 -14"><span class='ocrx_word' id='word_1_144' title='bbox 112 1511 150 1534; x_wconf 86' lang='lat'>20</span> <span class='ocrx_word' id='word_1_145' title='bbox 168 1506 320 1537; x_wconf 86' lang='lat' dir='ltr'>nostros</span> <span class='ocrx_word' id='word_1_146' title='bbox 347 1499 499 1549; x_wconf 84' lang='lat' dir='ltr'>longius</span> <span class='ocrx_word' id='word_1_147' title='bbox 526 1500 836 1538; x_wconf 88' lang='lat' dir='ltr'>summovebant.</span> <span class='ocrx_word' id='word_1_148' title='bbox 897 1499 1114 1538; x_wconf 86' lang='lat' dir='ltr'>Accidebat</span> <span class='ocrx_word' id='word_1_149' title='bbox 1134 1506 1264 1538; x_wconf 90' lang='lat' dir='ltr'>autem</span> <span class='ocrx_word' id='word_1_150' title='bbox 1286 1499 1493 1538; x_wconf 85' lang='lat' dir='ltr'>cotidianis</span> <span class='ocrx_word' id='word_1_151' title='bbox 1517 1511 1533 1541; x_wconf 86' lang='lat'>3</span> 
     </span>
     <span class='ocr_line' id='line_1_22' title="bbox 168 1563 1493 1614; baseline 0.002 -14"><span class='ocrx_word' id='word_1_152' title='bbox 168 1563 497 1612; x_wconf 86' lang='lat' dir='ltr'>pabulationibus,</span> <span class='ocrx_word' id='word_1_153' title='bbox 534 1564 574 1602; x_wconf 90' lang='lat' dir='ltr'>id</span> <span class='ocrx_word' id='word_1_154' title='bbox 606 1565 713 1614; x_wconf 92' lang='lat' dir='ltr'>quod</span> <span class='ocrx_word' id='word_1_155' title='bbox 747 1564 925 1602; x_wconf 87' lang='lat' dir='ltr'>accidere</span> <span class='ocrx_word' id='word_1_156' title='bbox 964 1572 1043 1602; x_wconf 88' lang='lat' dir='ltr'>erat</span> <span class='ocrx_word' id='word_1_157' title='bbox 1075 1577 1245 1611; x_wconf 85' lang='lat' dir='ltr'>necesse,</span> <span class='ocrx_word' id='word_1_158' title='bbox 1278 1577 1368 1602; x_wconf 89' lang='lat' dir='ltr'>cum</span> <span class='ocrx_word' id='word_1_159' title='bbox 1402 1564 1493 1602; x_wconf 83' lang='lat' dir='ltr'>raris</span> 
     </span>
     <span class='ocr_line' id='line_1_23' title="bbox 168 1627 1493 1679; baseline 0.001 -14"><span class='ocrx_word' id='word_1_160' title='bbox 168 1627 418 1677; x_wconf 88' lang='lat' dir='ltr'>disiectisque</span> <span class='ocrx_word' id='word_1_161' title='bbox 439 1642 485 1666; x_wconf 83' lang='lat' dir='ltr'>ex</span> <span class='ocrx_word' id='word_1_162' title='bbox 503 1628 690 1666; x_wconf 85' lang='lat' dir='ltr'>aedificiis</span> <span class='ocrx_word' id='word_1_163' title='bbox 711 1629 899 1678; x_wconf 88' lang='lat' dir='ltr'>pabulum</span> <span class='ocrx_word' id='word_1_164' title='bbox 920 1628 1222 1678; x_wconf 87' lang='lat' dir='ltr'>conquireretur,</span> <span class='ocrx_word' id='word_1_165' title='bbox 1238 1636 1279 1666; x_wconf 93' lang='lat' dir='ltr'>ut</span> <span class='ocrx_word' id='word_1_166' title='bbox 1295 1628 1493 1679; x_wconf 90' lang='lat' dir='ltr'>impeditis</span> 
     </span>
     <span class='ocr_line' id='line_1_24' title="bbox 168 1692 1535 1743; baseline 0.001 -13"><span class='ocrx_word' id='word_1_167' title='bbox 168 1692 263 1731; x_wconf 90' lang='lat' dir='ltr'>locis</span> <span class='ocrx_word' id='word_1_168' title='bbox 288 1693 451 1743; x_wconf 90' lang='lat' dir='ltr'>dispersi</span> <span class='ocrx_word' id='word_1_169' title='bbox 480 1694 728 1743; x_wconf 86' lang='lat' dir='ltr'>pabulatores</span> <span class='ocrx_word' id='word_1_170' title='bbox 755 1692 1149 1741; x_wconf 78' lang='lat' dir='ltr'>circumvenirentur3</span> <span class='ocrx_word' id='word_1_171' title='bbox 1192 1706 1292 1743; x_wconf 89' lang='lat' dir='ltr'>quae</span> <span class='ocrx_word' id='word_1_172' title='bbox 1322 1706 1392 1739; x_wconf 85' lang='lat' dir='ltr'>res,</span> <span class='ocrx_word' id='word_1_173' title='bbox 1422 1693 1493 1731; x_wconf 91' lang='lat' dir='ltr'>etsi</span> <span class='ocrx_word' id='word_1_174' title='bbox 1515 1705 1535 1736; x_wconf 83' lang='lat'>4</span> 
     </span>
     <span class='ocr_line' id='line_1_25' title="bbox 168 1757 1493 1796; baseline 0.001 -2"><span class='ocrx_word' id='word_1_175' title='bbox 168 1757 366 1796; x_wconf 88' lang='lat' dir='ltr'>mediocre</span> <span class='ocrx_word' id='word_1_176' title='bbox 400 1757 677 1796; x_wconf 89' lang='lat' dir='ltr'>detrimentum</span> <span class='ocrx_word' id='word_1_177' title='bbox 719 1757 983 1796; x_wconf 90' lang='lat' dir='ltr'>iumentorum</span> <span class='ocrx_word' id='word_1_178' title='bbox 1026 1771 1071 1796; x_wconf 90' lang='lat' dir='ltr'>ac</span> <span class='ocrx_word' id='word_1_179' title='bbox 1114 1771 1312 1796; x_wconf 77' lang='lat' dir='ltr'>servorum</span> <span class='ocrx_word' id='word_1_180' title='bbox 1352 1758 1493 1796; x_wconf 84' lang='lat' dir='ltr'>nostris</span> 
     </span>
    </p>

    <p class='ocr_par' dir='ltr' id='par_1_6' title="bbox 110 1822 1494 2121">
     <span class='ocr_line' id='line_1_26' title="bbox 110 1822 1491 1873; baseline 0.001 -14"><span class='ocrx_word' id='word_1_181' title='bbox 110 1835 147 1867; x_wconf 89' lang='lat'>25</span> <span class='ocrx_word' id='word_1_182' title='bbox 168 1822 380 1869; x_wconf 88' lang='lat' dir='ltr'>adferebat,</span> <span class='ocrx_word' id='word_1_183' title='bbox 403 1830 535 1860; x_wconf 85' lang='lat' dir='ltr'>tamen</span> <span class='ocrx_word' id='word_1_184' title='bbox 563 1824 697 1860; x_wconf 88' lang='lat' dir='ltr'>stultas</span> <span class='ocrx_word' id='word_1_185' title='bbox 725 1822 980 1873; x_wconf 85' lang='lat' dir='ltr'>cogitationes</span> <span class='ocrx_word' id='word_1_186' title='bbox 1010 1822 1197 1861; x_wconf 87' lang='lat' dir='ltr'>incitabat</span> <span class='ocrx_word' id='word_1_187' title='bbox 1226 1823 1491 1869; x_wconf 90' lang='lat' dir='ltr'>barbarorum,</span> 
     </span>
     <span class='ocr_line' id='line_1_27' title="bbox 167 1887 1494 1937; baseline 0 -13"><span class='ocrx_word' id='word_1_188' title='bbox 167 1894 285 1936; x_wconf 87' lang='lat' dir='ltr'>atque</span> <span class='ocrx_word' id='word_1_189' title='bbox 305 1900 353 1925; x_wconf 91' lang='lat' dir='ltr'>eo</span> <span class='ocrx_word' id='word_1_190' title='bbox 374 1887 494 1937; x_wconf 84' lang='lat' dir='ltr'>magis</span> <span class='ocrx_word' id='word_1_191' title='bbox 522 1888 630 1937; x_wconf 88' lang='lat' dir='ltr'>quod</span> <span class='ocrx_word' id='word_1_192' title='bbox 657 1887 874 1934; x_wconf 90' lang='lat' dir='ltr'>Commius,</span> <span class='ocrx_word' id='word_1_193' title='bbox 897 1900 1015 1937; x_wconf 90' lang='lat' dir='ltr'>quem</span> <span class='ocrx_word' id='word_1_194' title='bbox 1042 1889 1262 1937; x_wconf 88' lang='lat' dir='ltr'>profectum</span> <span class='ocrx_word' id='word_1_195' title='bbox 1282 1888 1333 1925; x_wconf 90' lang='lat' dir='ltr'>ad</span> <span class='ocrx_word' id='word_1_196' title='bbox 1353 1887 1494 1925; x_wconf 86' lang='lat' dir='ltr'>auxilia</span> 
     </span>
     <span class='ocr_line' id='line_1_28' title="bbox 167 1952 1493 2002; baseline 0 -13"><span class='ocrx_word' id='word_1_197' title='bbox 167 1954 453 1990; x_wconf 87' lang='lat' dir='ltr'>Germanorum</span> <span class='ocrx_word' id='word_1_198' title='bbox 479 1954 710 1991; x_wconf 88' lang='lat' dir='ltr'>arcessenda</span> <span class='ocrx_word' id='word_1_199' title='bbox 730 1952 858 1999; x_wconf 88' lang='lat' dir='ltr'>docui,</span> <span class='ocrx_word' id='word_1_200' title='bbox 881 1966 971 1991; x_wconf 92' lang='lat' dir='ltr'>cum</span> <span class='ocrx_word' id='word_1_201' title='bbox 999 1952 1195 2002; x_wconf 90' lang='lat' dir='ltr'>equitibus</span> <span class='ocrx_word' id='word_1_202' title='bbox 1215 1960 1373 1991; x_wconf 85' lang='lat' dir='ltr'>venerat</span> <span class='ocrx_word' id='word_1_203' title='bbox 1387 1967 1396 2000; x_wconf 77' lang='lat'><em>3</em></span> <span class='ocrx_word' id='word_1_204' title='bbox 1426 1953 1493 2002; x_wconf 90' lang='lat' dir='ltr'>qui</span> 
     </span>
     <span class='ocr_line' id='line_1_29' title="bbox 166 2017 1492 2068; baseline 0.002 -14"><span class='ocrx_word' id='word_1_205' title='bbox 166 2017 320 2055; x_wconf 90' lang='lat' dir='ltr'>tametsi</span> <span class='ocrx_word' id='word_1_206' title='bbox 376 2031 540 2056; x_wconf 88' lang='lat' dir='ltr'>numero</span> <span class='ocrx_word' id='word_1_207' title='bbox 596 2031 676 2056; x_wconf 88' lang='lat' dir='ltr'>non</span> <span class='ocrx_word' id='word_1_208' title='bbox 726 2017 894 2068; x_wconf 92' lang='lat' dir='ltr'>amplius</span> <span class='ocrx_word' id='word_1_209' title='bbox 941 2026 1050 2056; x_wconf 91' lang='lat' dir='ltr'>erant</span> <span class='ocrx_word' id='word_1_210' title='bbox 1098 2017 1311 2068; x_wconf 84' lang='lat' dir='ltr'>quingenti,</span> <span class='ocrx_word' id='word_1_211' title='bbox 1361 2025 1492 2056; x_wconf 86' lang='lat' dir='ltr'>tamen</span> 
     </span>
     <span class='ocr_line' id='line_1_30' title="bbox 167 2082 1095 2121; baseline 0.001 -2"><span class='ocrx_word' id='word_1_212' title='bbox 167 2082 452 2120; x_wconf 86' lang='lat' dir='ltr'>Germanorum</span> <span class='ocrx_word' id='word_1_213' title='bbox 481 2084 652 2120; x_wconf 87' lang='lat' dir='ltr'>adventu</span> <span class='ocrx_word' id='word_1_214' title='bbox 681 2082 834 2121; x_wconf 87' lang='lat' dir='ltr'>barbari</span> <span class='ocrx_word' id='word_1_215' title='bbox 863 2082 1095 2121; x_wconf 89' lang='lat' dir='ltr'>nitebantur.</span> 
     </span>
    </p>

    <p class='ocr_par' dir='ltr' id='par_1_7' title="bbox 107 2146 1548 2262">
     <span class='ocr_line' id='line_1_31' title="bbox 107 2146 1548 2197; baseline -0.003 -9"><span class='ocrx_word' id='word_1_216' title='bbox 107 2158 147 2188; x_wconf 77' lang='lat'>30</span> <span class='ocrx_word' id='word_1_217' title='bbox 220 2147 373 2193; x_wconf 87' lang='lat' dir='ltr'>Caesar,</span> <span class='ocrx_word' id='word_1_218' title='bbox 396 2160 486 2184; x_wconf 89' lang='lat' dir='ltr'>cum</span> <span class='ocrx_word' id='word_1_219' title='bbox 506 2147 830 2185; x_wconf 89' lang='lat' dir='ltr'>animadverteret</span> <span class='ocrx_word' id='word_1_220' title='bbox 850 2148 1004 2185; x_wconf 87' lang='lat' dir='ltr'>hostem</span> <span class='ocrx_word' id='word_1_221' title='bbox 1024 2146 1234 2197; x_wconf 87' lang='lat' dir='ltr'>compluris</span> <span class='ocrx_word' id='word_1_222' title='bbox 1255 2146 1338 2185; x_wconf 90' lang='lat' dir='ltr'>dies</span> <span class='ocrx_word' id='word_1_223' title='bbox 1359 2146 1492 2185; x_wconf 90' lang='lat' dir='ltr'>castris</span> <span class='ocrx_word' id='word_1_224' title='bbox 1513 2159 1548 2185; x_wconf 92' lang='lat'>11</span> 
     </span>
     <span class='ocr_line' id='line_1_32' title="bbox 165 2210 1492 2262; baseline 0.002 -14"><span class='ocrx_word' id='word_1_225' title='bbox 165 2212 308 2261; x_wconf 89' lang='lat' dir='ltr'>palude</span> <span class='ocrx_word' id='word_1_226' title='bbox 339 2218 376 2249; x_wconf 88' lang='lat' dir='ltr'>et</span> <span class='ocrx_word' id='word_1_227' title='bbox 407 2210 483 2249; x_wconf 91' lang='lat' dir='ltr'>loci</span> <span class='ocrx_word' id='word_1_228' title='bbox 514 2219 650 2249; x_wconf 89' lang='lat' dir='ltr'>natura</span> <span class='ocrx_word' id='word_1_229' title='bbox 684 2211 842 2249; x_wconf 87' lang='lat' dir='ltr'>munitis</span> <span class='ocrx_word' id='word_1_230' title='bbox 877 2225 918 2250; x_wconf 89' lang='lat' dir='ltr'>se</span> <span class='ocrx_word' id='word_1_231' title='bbox 952 2220 1083 2251; x_wconf 89' lang='lat' dir='ltr'>tenere</span> <span class='ocrx_word' id='word_1_232' title='bbox 1117 2225 1245 2262; x_wconf 89' lang='lat' dir='ltr'>neque</span> <span class='ocrx_word' id='word_1_233' title='bbox 1275 2212 1492 2262; x_wconf 85' lang='lat' dir='ltr'>oppugnari</span> 
     </span>
    </p>
   </div>
   <div class='ocr_carea' id='block_1_3' title="bbox 165 2313 1493 2441">
    <p class='ocr_par' dir='ltr' id='par_1_8' title="bbox 165 2313 1493 2441">
     <span class='ocr_line' id='line_1_33' title="bbox 209 2313 1493 2356; baseline 0.002 -12"><span class='ocrx_word' id='word_1_234' title='bbox 209 2326 228 2344; x_wconf 87' lang='lat'><em>2</em></span> <span class='ocrx_word' id='word_1_235' title='bbox 253 2315 397 2345; x_wconf 85' lang='lat' dir='ltr'>derectis</span> <span class='ocrx_word' id='word_1_236' title='bbox 414 2313 453 2344; x_wconf 90' lang='lat' dir='ltr'><em>X</em></span> <span class='ocrx_word' id='word_1_237' title='bbox 579 2316 599 2345; x_wconf 91' lang='lat'><em>8</em></span> <span class='ocrx_word' id='word_1_238' title='bbox 622 2315 677 2354; x_wconf 85' lang='lat' dir='ltr'>qui</span> <span class='ocrx_word' id='word_1_239' title='bbox 699 2315 785 2356; x_wconf 54' lang='lat' dir='ltr'>UO)</span> <span class='ocrx_word' id='word_1_240' title='bbox 801 2327 808 2346; x_wconf 75' lang='grc' dir='ltr'>ι</span> <span class='ocrx_word' id='word_1_241' title='bbox 832 2326 897 2355; x_wconf 91' lang='lat' dir='ltr'>quo</span> <span class='ocrx_word' id='word_1_242' title='bbox 914 2316 969 2346; x_wconf 81' lang='lat' dir='ltr'>aT</span> <span class='ocrx_word' id='word_1_243' title='bbox 1057 2316 1096 2345; x_wconf 88' lang='lat'>18</span> <span class='ocrx_word' id='word_1_244' title='bbox 1121 2319 1195 2346; x_wconf 75' lang='lat' dir='ltr'>ante</span> <span class='ocrx_word' id='word_1_245' title='bbox 1210 2316 1381 2347; x_wconf 87' lang='lat' dir='ltr'>Gallorum</span> <span class='ocrx_word' id='word_1_246' title='bbox 1399 2316 1493 2347; x_wconf 77' lang='lat' dir='ltr'>habet</span> 
     </span>
     <span class='ocr_line' id='line_1_34' title="bbox 165 2357 1489 2399; baseline 0.002 -11"><span class='ocrx_word' id='word_1_247' title='bbox 165 2363 220 2388; x_wconf 83' lang='lat' dir='ltr'>aut</span> <span class='ocrx_word' id='word_1_248' title='bbox 237 2358 289 2390; x_wconf 85' lang='lat' dir='ltr'>X:</span> <span class='ocrx_word' id='word_1_249' title='bbox 314 2369 377 2388; x_wconf 81' lang='lat' dir='ltr'>om.</span> <span class='ocrx_word' id='word_1_250' title='bbox 398 2357 463 2388; x_wconf 83' lang='lat' dir='ltr'>cod.</span> <span class='ocrx_word' id='word_1_251' title='bbox 484 2358 591 2388; x_wconf 61' lang='lat' dir='ltr'><em>Oxou.</em></span> <span class='ocrx_word' id='word_1_252' title='bbox 608 2358 676 2388; x_wconf 79' lang='lat' dir='ltr'><em>edd.</em></span> <span class='ocrx_word' id='word_1_253' title='bbox 787 2369 825 2398; x_wconf 88' lang='lat'>19</span> <span class='ocrx_word' id='word_1_254' title='bbox 850 2359 967 2389; x_wconf 85' lang='lat' dir='ltr'>eadem</span> <span class='ocrx_word' id='word_1_255' title='bbox 985 2361 1007 2393; x_wconf 81' lang='grc' dir='ltr'>β</span> <span class='ocrx_word' id='word_1_256' title='bbox 1111 2370 1152 2398; x_wconf 85' lang='lat'>23</span> <span class='ocrx_word' id='word_1_257' title='bbox 1176 2360 1338 2399; x_wconf 84' lang='lat' dir='ltr'>dispersis</span> <span class='ocrx_word' id='word_1_258' title='bbox 1356 2361 1489 2399; x_wconf 82' lang='lat' dir='ltr'>pabula-</span> 
     </span>
     <span class='ocr_line' id='line_1_35' title="bbox 165 2402 1474 2441; baseline 0.002 -10"><span class='ocrx_word' id='word_1_259' title='bbox 165 2402 259 2432; x_wconf 86' lang='lat' dir='ltr'>toriis</span> <span class='ocrx_word' id='word_1_260' title='bbox 277 2414 296 2431; x_wconf 88' lang='grc' dir='ltr'>α</span> <span class='ocrx_word' id='word_1_261' title='bbox 411 2412 452 2440; x_wconf 85' lang='lat'>29</span> <span class='ocrx_word' id='word_1_262' title='bbox 477 2402 670 2432; x_wconf 84' lang='lat' dir='ltr'>nitebantur</span> <span class='ocrx_word' id='word_1_263' title='bbox 686 2413 728 2432; x_wconf 79' lang='lat' dir='ltr'>a:</span> <span class='ocrx_word' id='word_1_264' title='bbox 753 2402 954 2433; x_wconf 84' lang='lat' dir='ltr'>inflabantur</span> <span class='ocrx_word' id='word_1_265' title='bbox 970 2404 992 2436; x_wconf 86' lang='grc' dir='ltr'><em>β</em></span> <span class='ocrx_word' id='word_1_266' title='bbox 1099 2413 1138 2441; x_wconf 84' lang='lat'>31</span> <span class='ocrx_word' id='word_1_267' title='bbox 1165 2403 1228 2433; x_wconf 92' lang='lat' dir='ltr'>loci</span> <span class='ocrx_word' id='word_1_268' title='bbox 1252 2403 1294 2435; x_wconf 91' lang='lat' dir='ltr'>T:</span> <span class='ocrx_word' id='word_1_269' title='bbox 1318 2404 1399 2434; x_wconf 89' lang='lat' dir='ltr'>locis</span> <span class='ocrx_word' id='word_1_270' title='bbox 1415 2404 1474 2434; x_wconf 84' lang='lat' dir='ltr'>aU</span> 
     </span>
    </p>
   </div>
  </div>
 </body>
</html>
