1706 2729
610 137 653 175 C.
690 137 803 174 IVLI
836 136 1104 174 CAESARIS

193 256 426 299 potestatem
455 249 585 287 venire
613 261 741 298 neque
773 255 907 286 contra
936 247 1124 296 populum
1150 247 1375 283 Romanum
1403 245 1518 282 armis

156 329 173 360 3
192 316 441 353 contendere.
503 316 615 361 Item,
642 326 732 352 cum
762 309 812 351 ad
842 312 1032 363 oppidum
1063 310 1289 349 accessisset
1317 317 1519 360 castraque

192 379 245 418 ibi
266 386 437 430 poneret,
462 379 570 429 pueri
598 378 858 428 mulieresque
883 391 929 415 ex
954 390 1065 415 muro
1086 375 1207 426 passis
1236 374 1417 413 manibus
1447 387 1517 412 suo

191 458 299 483 more
320 457 457 494 pacem
478 445 527 483 ab
550 443 741 483 Romanis
762 442 965 493 petierunt.

127 521 171 558 14
247 512 321 548 Pro
342 509 400 548 his
415 507 636 548 Diviciacus
651 509 757 560 (nam
779 514 866 558 post
883 506 1098 546 discessum
1114 507 1331 556 Belgarum,
1349 504 1518 544 dimissis
1538 520 1555 550 5

155 592 170 613 2
191 576 420 614 Aeduorum
443 574 575 624 copiis,
591 575 642 612 ad
658 587 748 612 eum
769 572 991 622 reverterat)
1014 571 1104 610 facit
1117 572 1234 610 verba
1251 587 1256 609 :
1289 571 1518 609 Bellovacos

190 639 299 678 omni
321 648 496 690 tempore
517 638 555 676 in
577 640 655 677 fide
675 646 792 688 atque
812 636 983 676 amicitia
1007 636 1171 675 civitatis
1192 637 1355 674 Aeduae
1376 635 1493 673 fuisse
1511 651 1516 673 :

189 704 378 754 impulsos
399 705 448 742 ab
470 703 547 742 suis
569 703 820 754 principibus,
844 702 910 752 qui
935 701 1109 741 dicerent
1125 702 1286 739 Aeduos
1307 714 1329 738 a
1350 701 1517 739 Caesare

189 769 229 806 in
264 768 488 807 servitutem
523 769 701 807 redactos
732 767 859 813 omnis
899 766 1147 817 indignitates
1179 764 1516 814 contumeliasque

188 835 366 884 perferre,
390 841 427 872 et
455 834 505 872 ab
531 833 680 872 Aeduis
707 833 896 871 defecisse
921 839 957 870 et
985 832 1132 881 populo
1161 832 1344 869 Romano
1368 830 1516 868 bellum

153 913 170 943 3
189 899 373 937 intulisse.
435 898 515 947 Qui
536 898 618 937 eius
650 898 786 936 consili
811 896 1004 948 principes
1031 895 1203 941 fuissent,
1236 896 1345 945 quod
1372 894 1517 932 intelle-

187 972 323 1014 gerent
343 972 530 1013 quantam
561 963 821 1002 calamitatem
861 961 1005 1000 civitati
1036 960 1266 1006 intulissent,
1300 959 1339 997 in
1369 959 1515 997 Britan-

149 1045 169 1074 4
189 1029 293 1067 niam
319 1029 543 1079 profugisse.
606 1031 742 1067 Petere
772 1041 851 1066 non
882 1029 1008 1066 solum
1043 1027 1271 1064 Bellovacos
1299 1025 1368 1063 sed
1399 1024 1515 1063 etiam

188 1108 258 1144 pro
288 1094 347 1131 his
373 1095 534 1132 Aeduos
565 1101 605 1132 ut
636 1107 704 1132 sua
734 1092 942 1132 clementia
970 1105 1015 1129 ac
1046 1089 1348 1129 mansuetudine
1382 1089 1421 1127 in
1449 1102 1516 1128 eos

150 1175 166 1205 5
188 1167 325 1197 utatur.
387 1160 508 1207 Quod
525 1158 556 1196 si
572 1159 714 1206 fecerit,
732 1159 961 1197 Aeduorum
978 1156 1248 1195 auctoritatem
1265 1156 1371 1206 apud
1387 1154 1515 1193 omnis

190 1226 327 1274 Belgas
348 1224 688 1273 amplificaturum,
712 1237 877 1273 quorum
906 1221 1056 1260 auxiliis
1081 1229 1198 1272 atque
1223 1219 1364 1270 opibus
1386 1219 1416 1258 si
1437 1232 1513 1269 qua

187 1289 288 1326 bella
309 1287 516 1327 inciderint
537 1295 751 1326 sustentare
773 1287 1006 1326 consuerint.

125 1361 167 1397 15
241 1354 394 1400 Caesar,
418 1353 577 1391 honoris
597 1354 787 1391 Diviciaci
805 1361 922 1402 atque
944 1353 1173 1390 Aeduorum
1199 1365 1315 1390 causa
1342 1365 1426 1390 sese
1447 1365 1514 1390 eos

186 1417 224 1454 in
258 1418 377 1456 fidem
417 1426 663 1467 recepturum
696 1425 733 1455 et
768 1425 1085 1455 conservaturum
1127 1416 1244 1454 dixit:
1287 1417 1395 1466 quod
1435 1425 1514 1454 erat

185 1481 318 1520 civitas
341 1496 480 1533 magna
501 1482 599 1520 inter
628 1483 765 1532 Belgas
795 1481 1023 1520 auctoritate
1051 1491 1168 1532 atque
1191 1482 1397 1520 hominum
1419 1484 1514 1520 mul-

149 1559 163 1579 2
185 1546 352 1585 titudine
372 1547 601 1597 praestabat,
620 1554 817 1585 sescentos
839 1546 995 1585 obsides
1017 1547 1206 1597 poposcit.
1269 1547 1343 1585 His
1364 1547 1512 1585 traditis

184 1612 449 1662 omnibusque
482 1611 598 1650 armis
633 1625 678 1650 ex
708 1612 856 1661 oppido
890 1613 1050 1660 collatis,
1081 1615 1130 1652 ab
1161 1628 1207 1652 eo
1238 1615 1326 1652 loco
1357 1613 1395 1651 in
1425 1613 1512 1650 finis

184 1677 471 1716 Ambianorum
493 1677 677 1727 pervenit,
702 1677 767 1727 qui
790 1691 830 1716 se
851 1691 999 1728 suaque
1021 1679 1152 1717 onmia
1174 1679 1257 1717 sine
1278 1692 1386 1717 mora
1407 1678 1513 1716 dedi-

148 1751 164 1781 3
184 1743 334 1780 derunt.
397 1744 542 1780 Eorum
561 1741 648 1779 finis
666 1741 797 1780 Nervii
819 1743 1086 1793 attingebant:
1117 1757 1284 1794 quorum
1306 1744 1355 1781 de
1376 1750 1511 1780 natura

1541 845 1579 868 10

1536 1497 1573 1518 20

145 1822 164 1851 4
184 1807 437 1857 moribusque
466 1808 610 1846 Caesar
639 1820 728 1845 cum
759 1818 969 1859 quaereret,
997 1809 1052 1847 sic
1082 1809 1320 1859 reperiebat:
1359 1810 1510 1846 nullum
1533 1821 1570 1852 25

181 1873 332 1911 aditum
349 1886 433 1911 esse
453 1873 503 1911 ad
525 1885 592 1910 eos
614 1874 895 1913 mercatoribus
914 1890 920 1915 :
951 1874 1046 1912 nihil
1068 1875 1146 1924 pati
1163 1874 1241 1912 vini
1262 1873 1511 1923 reliquarum-

182 1951 259 1988 que
278 1951 406 1976 rerum
427 1938 477 1976 ad
498 1938 688 1977 luxuriam
720 1940 999 1990 pertinentium
1027 1940 1167 1987 inferri,
1190 1941 1298 1990 quod
1319 1939 1374 1978 eis
1395 1940 1510 1977 rebus

181 2005 472 2053 relanguescere
510 2004 678 2043 animos'
703 2019 837 2044 eorum
869 2014 905 2043 et
936 2005 1078 2043 remitti
1109 2005 1289 2043 virtutem
1321 2004 1510 2043 existima-

143 2074 160 2103 5
182 2076 288 2106 rent:
328 2082 412 2106 esse
442 2070 622 2108 homines
654 2072 754 2109 feros
794 2084 1037 2121 magnaeque
1066 2070 1243 2115 virtutis3
1281 2069 1510 2120 increpitare

180 2141 297 2182 atque
327 2134 504 2173 incusare
536 2136 704 2185 reliquos
727 2137 877 2186 Belgas,
901 2135 966 2185 qui
994 2149 1034 2173 se
1062 2137 1209 2185 populo
1236 2136 1418 2173 Romano
1446 2135 1509 2172 de-

180 2198 369 2237 didissent
392 2200 635 2251 patriamque
656 2200 835 2239 virtutem
858 2200 1110 2250 proiecissent
1129 2215 1135 2243 ;
1173 2201 1403 2238 confirmare
1424 2212 1508 2237 sese

179 2276 308 2312 neque
349 2267 495 2315 legatos
532 2264 716 2303 missuros
756 2278 884 2314 neque
928 2266 1045 2303 ullam
1085 2264 1360 2303 condicionem
1400 2263 1506 2313 pacis

178 2337 418 2379 accepturos.

267 2443 305 2471 27
332 2433 371 2462 ad
392 2457 397 2463 .
420 2457 424 2463 .
445 2457 451 2464 .
472 2434 707 2471 pertinentium
727 2444 790 2464 0111.
808 2446 826 2462 a
966 2434 1006 2462 28
1033 2442 1145 2462 eorum
1165 2431 1220 2462 del.
1240 2431 1418 2471 Nt'pperdoegv

1531 2145 1569 2175 30
