1768 2739
420 136 493 172 DE
526 134 705 172 BELLO
737 134 982 172 GALLICO
1013 135 1114 171 LIB.
1149 135 1206 171 VI

152 248 407 285 adoleverunt
431 253 473 284 ut
507 258 650 283 munus
682 244 842 283 militiae
870 244 1059 284 sustinere
1086 245 1245 295 possint,
1270 247 1397 296 palam
1425 247 1475 284 ad

152 326 193 350 se
219 312 326 350 adire
354 325 434 349 non
464 310 662 361 patiuntur
691 309 895 359 filiumque
929 310 1065 360 puerili
1092 318 1219 349 aetate
1246 311 1284 349 in
1316 311 1475 361 publico

152 377 191 414 in
211 383 426 427 conspectu
446 375 564 426 patris
584 374 772 414 adsistere
792 382 904 425 turpe
924 375 1086 413 ducunt.

204 440 287 479 Viri
313 447 478 491 quantas
498 439 684 490 pecunias
711 440 763 478 ab
786 439 972 478 uxoribus
1002 439 1105 478 dotis
1129 440 1290 479 nomine
1315 453 1474 490 accepe-
1491 447 1539 486 19

113 519 129 550 5
150 513 238 544 runt
270 512 394 544 tantas
429 518 475 544 ex
503 504 581 543 suis
611 503 727 543 bonis
757 503 1030 542 aestimatione
1060 505 1162 542 facta
1193 518 1283 542 cum
1314 504 1474 543 dotibus

150 570 454 609 communicant.
528 569 661 608 Huius
700 569 828 608 omnis
867 568 1058 619 pecuniae
1096 568 1338 607 coniunctim
1377 568 1474 607 ratio
1496 587 1510 608 2

150 636 314 674 habetur
332 636 559 684 fructusque
583 641 783 673 servantur
801 649 809 673 :
843 641 929 672 uter
948 647 1083 672 eorum
1104 633 1182 671 vita
1201 633 1399 684 superarit,
1422 634 1473 671 ad

149 713 239 739 eum
278 713 365 750 pars
395 699 597 750 utriusque
628 713 719 738 cum
751 699 941 738 fructibus
973 698 1217 748 superiorum
1251 706 1473 748 temporum

148 763 333 815 pervenit.
393 763 476 802 Viri
506 764 546 802 in
575 777 725 811 uxores,
758 763 872 802 sicuti
898 763 938 801 in
968 763 1121 810 liberos,
1156 762 1257 801 vitae
1286 762 1474 813 necisque
1494 776 1511 806 3

93 841 130 863 10
148 829 296 868 habent
322 835 557 879 potestatem
566 843 577 877 3
614 836 652 867 et
684 842 775 867 cum
806 835 916 879 pater
944 827 1114 866 familiae
1138 827 1358 866 inlustriore
1384 829 1474 866 loco

148 901 262 931 natus
279 893 455 941 decessit,
479 893 561 932 eius
582 893 792 944 propinqui
813 892 1054 931 conveniunt
1074 899 1122 939 et,
1146 893 1196 931 de
1217 900 1342 931 morte
1362 892 1394 930 si
1414 905 1473 931 res

149 957 188 995 in
202 957 465 1007 suspicionem
485 957 601 1005 venit,
620 958 671 996 de
691 957 876 995 uxoribus
898 957 938 995 in
959 956 1136 996 servilem
1158 958 1323 996 modum
1339 969 1474 1007 quaes-

148 1021 296 1060 tionem
326 1022 473 1060 habent
502 1029 549 1069 et,
582 1021 614 1060 si
647 1028 894 1071 compertum
928 1028 995 1068 est,
1029 1021 1107 1071 igni
1136 1028 1255 1071 atque
1289 1021 1473 1059 omnibus

149 1086 352 1125 tormentis
382 1086 619 1125 excruciatas
651 1085 898 1125 interficiunt.
959 1088 1112 1125 Funera
1141 1094 1232 1125 sunt
1266 1099 1336 1136 pro
1366 1088 1473 1125 cultu
1491 1100 1511 1130 4

91 1165 128 1197 15
149 1151 351 1189 Gallorum
366 1150 572 1200 magnifica
584 1158 622 1189 et
636 1157 866 1200 sumptuosa
874 1165 884 1198 3
904 1150 1117 1200 omniaque
1139 1164 1240 1200 quae
1256 1150 1350 1189 vivis
1364 1151 1473 1190 cordi

148 1215 265 1253 fuisse
285 1214 518 1253 arbitrantur
538 1214 577 1252 in
594 1215 724 1265 ignem
738 1214 918 1262 inferunt,
935 1215 1052 1254 etiam
1068 1214 1251 1253 animalia
1258 1230 1268 1263 3
1296 1229 1341 1254 ac
1356 1217 1472 1266 paulo
1492 1228 1509 1259 5

146 1292 263 1329 supra
289 1280 391 1317 hanc
412 1279 641 1317 memoriam
669 1279 767 1317 servi
789 1286 826 1318 et
847 1279 1008 1318 clientes
1030 1292 1129 1329 quos
1149 1280 1199 1318 ab
1230 1279 1284 1318 eis
1306 1280 1470 1319 dilectos

146 1356 232 1382 esse
252 1344 456 1381 constabat
476 1342 585 1381 iustis
606 1343 807 1382 funeribus
829 1343 1016 1382 confectis
1038 1357 1117 1382 una
1136 1339 1418 1383 cremabantur.

200 1409 314 1456 Quae
340 1407 513 1446 civitates
541 1407 790 1447 commodius
817 1421 927 1446 suam
952 1421 1033 1446 rem
1061 1408 1260 1458 publicam
1287 1408 1470 1447 adminis-
1488 1417 1542 1445 20

89 1489 126 1510 20
145 1479 243 1511 trare
263 1471 530 1510 existimantur
551 1473 699 1511 habent
726 1472 877 1522 legibus
907 1480 1096 1520 sanctum,
1125 1472 1155 1511 si
1187 1473 1274 1523 quis
1302 1473 1398 1523 quid
1419 1475 1469 1512 de

145 1550 185 1575 re
218 1536 375 1586 publica
408 1550 431 1575 a
463 1537 637 1574 finitimis
673 1550 828 1575 rumore
859 1544 926 1575 aut
958 1538 1061 1576 fama
1093 1537 1298 1588 acceperit,
1332 1538 1387 1576 uti
1419 1539 1470 1576 ad

146 1601 411 1651 magistratum
432 1602 580 1639 deserat
603 1614 702 1640 neve
726 1614 816 1639 cum
841 1615 921 1651 quo
945 1601 1021 1640 alio
1042 1601 1331 1641 communicet:
1362 1603 1470 1652 quod
1493 1619 1507 1639 2

145 1679 262 1716 saepe
288 1665 468 1704 homines
495 1665 719 1704 temerarios
745 1673 864 1715 atque
890 1665 1090 1716 imperitos
1121 1666 1225 1704 falsis
1249 1666 1470 1705 rumoribus

146 1728 277 1768 terreri
297 1737 335 1768 et
354 1731 404 1768 ad
427 1729 576 1768 facinus
602 1729 750 1780 impelli
784 1737 821 1768 et
849 1731 899 1769 de
934 1730 1096 1769 summis
1126 1730 1241 1769 rebus
1263 1730 1470 1769 consilium

88 1810 126 1841 25
146 1807 286 1844 capere
319 1794 518 1845 cognitum
559 1802 626 1833 est.
688 1794 939 1844 Magistratus
971 1808 1072 1844 quae
1101 1795 1182 1833 visa
1220 1802 1310 1834 sunt
1344 1797 1471 1834 occul·
1491 1809 1508 1840 3

146 1866 238 1906 tant,
256 1871 436 1909 quaeque
464 1872 548 1897 esse
569 1873 616 1897 ex
635 1871 708 1897 usu
731 1858 1001 1897 iudicaverunt
1023 1858 1263 1898 multitudini
1284 1861 1466 1910 produnt.

147 1925 210 1962 De
229 1936 269 1962 re
289 1923 447 1973 publica
468 1923 540 1961 nisi
562 1937 629 1974 per
650 1923 861 1962 concilium
879 1924 987 1974 loqui
1009 1937 1089 1963 non
1110 1924 1350 1963 conceditur.

199 1987 385 2026 Germani
417 1989 584 2026 multum
613 1988 664 2026 ab
692 1989 766 2026 hac
796 1988 1083 2027 consuetudine
1111 1988 1304 2027 differunt.
1364 1990 1468 2027 Nam
1488 2001 1531 2028 21

147 2066 274 2102 neque
312 2052 470 2091 druides
510 2053 657 2091 habent
695 2051 762 2102 qui
800 2052 915 2091 rebus
956 2052 1097 2091 divinis
1136 2052 1306 2102 praesint
1340 2065 1469 2102 neque

88 2134 129 2165 30
146 2117 342 2156 sacrificiis
363 2118 531 2156 student.
592 2119 768 2156 Deorum
789 2131 953 2156 numero
979 2130 1046 2156 eos
1074 2119 1178 2155 solos
1199 2118 1350 2155 ducunt
1370 2130 1469 2167 quos
1490 2132 1505 2153 2

145 2189 310 2221 cernunt
360 2189 397 2220 ct
440 2195 607 2231 quorum
657 2188 790 2232 aperte
844 2181 985 2232 opibus
1029 2182 1219 2228 iuvantur,
1261 2183 1393 2220 Solem
1431 2189 1469 2220 et

148 2248 372 2284 Vulcanum
393 2253 431 2284 et
452 2247 606 2284 Lunam
621 2261 631 2294 3
660 2245 830 2295 reliquos
851 2259 900 2284 ne
921 2248 1024 2284 fama
1039 2246 1199 2296 quidem
1220 2253 1466 2297 acceperunt.

146 2311 237 2350 Vita
271 2310 399 2349 omnis
431 2310 470 2348 in
505 2310 778 2349 venationibus
809 2317 927 2360 atque
966 2311 1004 2348 in
1039 2311 1176 2350 studiis
1211 2311 1264 2349 rei
1296 2311 1469 2350 militaris
1490 2326 1507 2355 3

535 2417 575 2447 23
601 2407 775 2447 imperitos
793 2410 834 2443 B:
861 2409 1039 2448 impeditos
1057 2420 1075 2438 α
1343 2452 1382 2482 9*
