1768 2739
614 139 657 176 C.
693 140 807 176 IVLI
839 140 1107 178 CAESARIS

200 247 318 286 etiam
340 248 473 298 copias
500 251 787 289 Germanorum
819 251 997 289 sustineri
1027 265 1143 301 posse
1168 252 1328 291 munitis
1352 253 1524 292 hibernis

161 330 178 359 5
199 314 399 353 docebant
416 329 422 352 :
445 328 526 354 rem
543 328 628 353 esse
649 315 887 362 testimonio,
904 318 1012 366 quod
1029 316 1198 366 primum
1216 317 1388 356 hostium
1407 317 1525 369 impe-

201 386 283 416 tum
315 378 445 417 multis
478 381 578 418 ultro
606 380 831 419 vulneribus
859 381 986 420 inlatis
1014 382 1222 420 fortissime
1253 382 1526 430 sustinuerint3

162 451 180 482 6
201 457 239 481 re
267 444 518 483 frumentaria
544 459 625 484 non
651 446 775 496 premi
794 461 803 493 3
833 446 979 486 interea
1006 456 1043 485 et
1068 462 1114 486 ex
1138 448 1322 497 proximis
1354 448 1525 487 hibernis

164 524 179 556 7
201 516 238 546 et
253 523 276 546 a
290 511 458 549 Caesare
479 518 720 549 conventura
737 511 931 558 subsidia,
958 520 1157 561 postremo
1175 512 1269 563 quid
1287 521 1387 551 esset
1404 512 1526 551 levius

199 582 266 612 aut
301 575 449 625 turpius
482 590 601 625 quam
631 584 789 615 auctore
820 578 933 615 hoste
963 579 1013 616 de
1045 577 1207 616 summis
1238 579 1352 616 rebus
1387 592 1526 628 capere

200 640 407 679 consilium
425 642 440 678 Ρ

125 707 180 744 29
255 708 403 745 Contra
424 720 468 744 ea
490 706 662 745 Titurius
684 722 771 747 sero
790 709 960 747 facturos
984 708 1219 755 clamitabat,
1242 723 1332 747 cum
1361 709 1525 748 maiores

202 786 340 809 manus
372 772 545 810 hostium
577 772 772 811 adiunctis
801 773 1008 812 Germanis
1035 774 1312 813 convenissent
1338 782 1404 813 aut
1434 788 1524 813 cum

199 837 347 887 aliquid
383 838 613 876 calamitatis
652 839 691 877 in
730 839 914 889 proximis
955 839 1126 878 hibernis
1166 848 1266 878 esset
1305 848 1521 890 acceptum.

164 914 177 934 2
201 905 365 941 Brevem
401 904 634 943 consulendi
668 918 754 943 esse
788 905 1048 944 occasionem.
1110 906 1318 944 Caesarem
1352 905 1525 944 arbitrari

200 970 419 1018 profectum
452 969 490 1007 in
525 969 679 1008 Italiam
696 985 705 1017 ;
739 984 868 1021 neque
899 971 1009 1009 aliter
1039 972 1231 1010 Carnutes
1266 971 1525 1010 interficiendi

200 1034 358 1085 Tasgeti
388 1035 596 1073 consilium
628 1036 747 1074 fuisse
777 1044 958 1086 capturos
991 1050 1120 1087 neque
1154 1037 1371 1083 Eburones,
1404 1036 1434 1075 si
1463 1036 1526 1075 ille

198 1101 363 1147 adesset,
389 1108 496 1138 tanta
525 1102 822 1152 contemptione
850 1102 969 1141 nostri
997 1104 1048 1141 ad
1072 1110 1197 1141 castra
1217 1110 1400 1141 venturos
1428 1116 1521 1141 esse.

162 1174 179 1204 3
201 1165 293 1202 Non
315 1166 470 1203 hostem
490 1173 693 1205 auctorem
715 1169 784 1206 sed
807 1182 887 1206 rem
905 1175 1103 1217 spectare:
1135 1168 1296 1206 subesse
1314 1168 1498 1206 Rhenum
1517 1182 1526 1214 3

200 1243 343 1279 magno
365 1243 450 1269 esse
472 1231 679 1269 Germanis
707 1232 834 1270 dolori
856 1232 1041 1271 Ariovisti
1062 1240 1227 1271 mortem
1249 1241 1288 1271 et
1308 1231 1525 1283 superiores

160 1308 178 1337 4
199 1302 350 1331 nostras
383 1294 587 1342 victorias;
620 1298 756 1335 ardere
789 1297 958 1335 Galliam
990 1305 1046 1336 tot
1076 1297 1325 1337 contumeliis
1353 1298 1525 1348 acceptis

199 1359 272 1396 sub
293 1359 429 1408 populi
452 1360 624 1398 Romani
645 1361 851 1410 imperium
881 1364 1089 1409 redactam,
1114 1362 1311 1412 superiore
1330 1363 1451 1412 gloria
1471 1362 1524 1401 rei

161 1433 177 1462 5
200 1423 374 1461 militaris
395 1424 594 1462 exstincta.
648 1427 853 1464 Postremo
869 1426 956 1476 quis
977 1428 1054 1464 hoc
1070 1427 1143 1464 sibi
1165 1429 1425 1477 persuaderet,
1442 1427 1524 1466 sine

199 1496 304 1526 certa
333 1503 371 1527 re
399 1489 668 1540 Ambiorigem
699 1492 749 1530 ad
779 1491 973 1530 eiusmodi
1003 1492 1212 1530 consilium
1241 1492 1525 1532 descendisse?
1547 1504 1560 1524 2

160 1561 179 1591 6
200 1556 318 1592 Suam
340 1555 574 1593 sententiam
601 1555 641 1593 in
669 1564 875 1606 utramque
903 1565 1052 1607 partem
1081 1571 1165 1596 esse
1195 1566 1345 1596 tutam:
1377 1557 1407 1596 si
1428 1558 1524 1596 nihil

198 1626 300 1656 esset
321 1619 466 1666 durius,
482 1621 590 1658 nullo
612 1634 702 1658 cum
724 1621 898 1670 periculo
918 1623 969 1660 ad
990 1622 1207 1672 proximam
1228 1622 1424 1673 legionem
1444 1637 1525 1673 per-

198 1691 405 1722 venturos:
436 1683 467 1721 si
489 1684 615 1722 Gallia
636 1685 765 1723 omnis
790 1700 880 1724 cum
903 1687 1109 1725 Germanis
1134 1687 1383 1734 consentiret,
1406 1701 1525 1726 unam

163 1761 283 1793 7esse
313 1748 352 1785 in
383 1749 578 1788 celeritate
608 1750 777 1799 positam
808 1753 983 1790 salutem.
1045 1753 1187 1791 Cottae
1217 1751 1378 1802 quidem
1407 1760 1526 1802 atque

198 1826 333 1850 eorum
361 1813 428 1862 qui
454 1813 705 1852 dissentirent
731 1814 939 1854 consilium
967 1830 1086 1866 quern
1113 1817 1274 1855 haberet
1299 1816 1457 1863 exitum,
1485 1816 1525 1855 in

199 1891 278 1926 quo
310 1877 340 1915 si
371 1892 554 1927 praesens
584 1879 801 1929 periculum
831 1895 923 1928 non,
952 1889 990 1919 at
1020 1890 1125 1920 certe
1155 1882 1371 1932 longinqua
1397 1881 1526 1921 obsid-

201 1941 291 1980 ione
312 1944 434 1981 fames
455 1952 556 1982 esset
577 1943 780 1983 timenda?

126 2011 181 2047 30
256 2008 346 2044 Hac
367 2007 406 2044 in
428 2015 633 2058 utramque
654 2017 803 2058 partem
825 2010 1090 2059 disputatione
1107 2010 1251 2056 habita,
1267 2024 1357 2049 curn
1373 2024 1396 2048 a
1409 2012 1528 2050 Cotta

200 2070 413 2121 primisque
434 2072 638 2111 ordinibus
658 2074 797 2112 acriter
817 2075 1070 2122 resisteretur,
1091 2075 1294 2123 ‘Vincite,'
1315 2075 1452 2126 inquit,
1475 2074 1526 2113 ‘si

200 2134 251 2172 ita
272 2136 411 2182 vultis,'
432 2136 612 2184 Sabinus,
636 2145 673 2176 et
701 2138 740 2176 id
766 2139 926 2178 clariore
947 2153 1055 2187 voce,
1079 2147 1120 2178 ut
1147 2153 1289 2190 magna
1315 2153 1403 2189 pars
1430 2139 1527 2178 mili-

164 2216 177 2235 ε
200 2207 282 2237 tum
313 2201 533 2240 exaudiret:
569 2206 718 2253 ‘neque
748 2204 778 2242 is
809 2207 920 2252 sum,’
947 2205 1085 2255 inquit,
1110 2205 1199 2255 ‘qui
1228 2204 1452 2255 gravissime
1479 2218 1525 2243 ex

199 2265 309 2303 vobis
341 2266 474 2305 mortis
505 2267 679 2316 periculo
709 2275 872 2307 terrear:
908 2269 948 2307 hi
979 2269 1130 2319 sapient
1146 2284 1155 2316 ,·
1187 2269 1218 2308 si
1247 2269 1398 2319 gravius
1428 2268 1524 2318 quid

242 2377 260 2405 5
287 2374 375 2398 esset
401 2381 441 2398 a:
475 2381 550 2400 csso
574 2372 596 2404 β
797 2382 837 2410 25
863 2372 1004 2402 haberet
1031 2372 1210 2405 <haberent
1235 2371 1288 2411 M)
1312 2369 1366 2401 X:
1399 2370 1524 2402 habere

199 2411 240 2441 R.
260 2412 448 2450 Slcplzcmzts
568 2423 608 2452 32
629 2418 706 2453 post
723 2414 754 2444 hi
778 2415 852 2446 add.
876 2416 903 2445 si
926 2414 990 2447 cod.
1016 2414 1148 2445 Vindob.
1165 2424 1205 2453 95

1549 854 1586 876 10

1546 1828 1584 1861 25

1546 2151 1587 2183 30
