1706 2729
608 122 651 161 C.
687 122 801 159 IVLI
834 122 1102 160 CAESARIS

146 240 164 270 6
185 232 415 281 potuissent.
479 232 623 271 Caesar
651 233 700 270 ad
734 232 930 282 Lingonas
961 231 1104 270 litteras
1132 232 1371 282 nuntiosque
1398 233 1514 280 misit,

186 310 234 335 ne
262 310 329 335 eos
358 299 554 335 frumento
589 310 686 335 neve
714 296 788 334 alia
818 310 856 334 re
885 296 1082 334 iuvarent:
1113 296 1179 346 qui
1201 296 1230 334 si
1253 296 1451 344 iuvissent,
1475 309 1516 334 se

184 363 327 399 eodem
358 362 446 399 loco
476 373 556 410 quo
588 360 794 399 Helvetios
826 360 1061 398 habitururn.
1124 362 1215 410 Ipse
1244 360 1374 400 triduo
1403 360 1516 399 inter-

184 425 303 464 misso
324 438 415 463 cum
438 425 622 463 omnibus
645 424 769 474 copiis
791 438 857 463 eos
879 425 989 474 sequi
1010 424 1149 474 coepit.

111 501 161 541 27
239 489 411 528 Helvetii
445 489 623 528 omnium
658 502 785 528 rerum
814 488 946 538 inopia
972 489 1133 527 adducti
1163 490 1311 538 legatos
1338 490 1388 527 de
1408 488 1516 527 dedi·
1535 506 1552 538 5

145 568 159 589 2
181 555 288 593 tione
308 556 358 593 ad
380 567 471 593 eum
494 553 693 592 miserunt.
756 553 836 602 Qui
866 566 956 591 cum
985 566 1074 591 eum
1096 553 1135 591 in
1156 553 1293 591 itinere
1314 552 1515 592 convenis-

180 627 266 657 sent
311 632 431 668 seque
474 620 525 657 ad
572 619 694 667 pedes
741 617 997 667 proiecissent
1042 616 1347 667 suppliciterque
1393 617 1514 656 locuti

126 732 132 736 ,
180 684 317 721 flentes
357 695 496 732 pacem
538 681 738 731 petissent,
773 688 894 731 atque
934 694 1001 719 eos
1040 680 1080 718 in
1119 693 1167 719 eo
1194 682 1283 719 loco
1318 688 1513 730 quotum

142 761 159 792 3
180 755 311 786 essent
333 760 448 785 suum
469 747 684 785 adventum
713 753 936 795 exspectare
964 744 1148 791 iussisset,
1171 752 1391 794 paruerunt.
1452 747 1513 783 Eo

179 819 388 862 postquam
412 812 557 851 Caesar
578 811 765 860 pervenit,
791 810 961 856 obsideS,
984 822 1101 856 arma,
1126 822 1256 847 servos
1286 808 1353 858 qui
1373 810 1424 847 ad
1445 821 1512 847 eos
1534 826 1573 849 10

140 893 160 922 4
179 876 437 926 perfugissent
458 874 649 925 poposcit.
714 877 821 912 Dum
857 887 903 912 ea
933 873 1216 922 conquiruntur
1240 880 1278 911 et
1309 874 1513 911 conferun-

180 948 251 987 tur,
275 947 391 978 nocte
413 938 642 986 intermissa,
668 938 819 977 circiter
846 937 1052 976 hominum
1085 936 1192 975 milia
1219 950 1286 974 sex
1312 936 1394 974 eius
1424 936 1513 986 pagi

182 1004 249 1054 qui
270 1004 516 1053 Verbigenus
546 1004 773 1053 appellatur,
806 1002 886 1040 sive
916 1001 1055 1039 timore
1084 1000 1285 1050 perterriti,
1317 1013 1366 1038 ne
1395 1000 1511 1038 armis

182 1068 332 1107 traditis
354 1067 547 1117 supplicio
568 1068 839 1112 adficerentur,
863 1065 942 1103 sive
972 1078 1041 1114 spe
1068 1064 1202 1102 salutis
1222 1063 1385 1111 inducti,
1403 1066 1512 1114 quod

179 1133 219 1170 in
253 1140 361 1171 tanta
392 1131 645 1170 multitudine
676 1129 952 1169 dediticiorum
987 1141 1099 1167 suam
1128 1129 1259 1177 fugam
1288 1135 1355 1166 aut
1384 1129 1512 1166 occul-
1533 1147 1569 1177 ¹5

181 1197 251 1235 tari
280 1204 347 1235 aut
379 1195 543 1234 omnino
574 1194 740 1244 ignorari
771 1207 887 1243 posse
928 1192 1204 1239 existimarent,
1238 1191 1363 1241 prima
1393 1200 1510 1230 nocte

181 1275 202 1300 e
223 1260 356 1299 castris
380 1259 655 1298 Helvetiorum
684 1258 826 1308 egressi
853 1259 903 1296 ad
935 1259 1121 1296 Rhenum
1152 1255 1321 1305 finisque
1351 1257 1511 1294 Germa-

181 1338 320 1363 norum
342 1325 640 1363 contenderunt.

104 1395 155 1433 28
235 1390 356 1437 Quod
384 1388 451 1426 ubi
479 1388 624 1426 Caesar
655 1386 794 1433 resciit,
817 1398 985 1435 quorum
1015 1398 1083 1434 per
1113 1384 1200 1422 finis
1230 1384 1353 1422 ierant
1373 1383 1433 1421 his
1454 1384 1509 1421 uti

177 1451 452 1501 conquirerent
492 1458 530 1489 et
569 1452 811 1496 reducerent,
852 1450 883 1487 si
924 1449 997 1487 sibi
1037 1448 1189 1498 purgati
1228 1461 1314 1486 esse
1352 1449 1507 1494 vellent,
1531 1467 1571 1488 20

138 1534 152 1555 2
175 1515 400 1565 imperavit:
444 1515 626 1553 reductos
659 1514 699 1551 in
726 1513 898 1552 hostium
934 1526 1098 1551 numero
1134 1512 1295 1559 habuit,
1339 1511 1509 1560 reliquos

174 1580 302 1618 omnis
342 1578 559 1625 obsidibus,
607 1578 734 1625 armis,
777 1577 947 1627 perfugis
995 1577 1144 1615 traditis
1184 1577 1224 1614 in
1264 1575 1508 1614 deditionem

136 1659 152 1688 3
173 1643 333 1693 accepit.
398 1642 614 1689 Helvetios,
639 1641 842 1691 Tulingos,
868 1640 1076 1679 Latovicos
1099 1640 1138 1678 in
1166 1639 1255 1677 finis
1276 1652 1379 1686 suos,
1403 1640 1509 1678 unde

173 1714 281 1745 erant
320 1706 495 1756 profecti,
538 1705 675 1744 reverti
716 1705 837 1752 iussit,
875 1712 924 1751 et,
963 1705 1071 1754 quod
1108 1704 1292 1742 omnibus
1333 1702 1508 1752 frugibus

172 1770 323 1809 amissis
346 1770 455 1809 domi
476 1770 572 1808 nihil
598 1778 678 1808 erat
704 1783 785 1819 quo
812 1771 956 1808 famem
983 1770 1203 1815 tolerarent,
1228 1766 1508 1816 Allobrogibus
1530 1786 1567 1816 25

174 1834 375 1884 imperavit
405 1842 447 1872 ut
479 1834 538 1872 his
579 1834 763 1872 frumenti
798 1834 954 1883 copiam
992 1834 1185 1871 facerent:
1226 1831 1331 1880 ipsos
1361 1830 1508 1880 oppida

134 1911 153 1941 4
173 1898 369 1947 vicosque,
394 1911 493 1947 quos
514 1898 782 1944 incenderant,
809 1897 1009 1936 restituere
1030 1895 1150 1934 iussit.
1204 1896 1252 1933 Id
1273 1908 1319 1932 ea
1340 1893 1508 1932 maxime

173 1962 320 2000 ratione
342 1962 444 2009 fecit,
468 1964 577 2012 quod
608 1962 733 2001 noluit
761 1975 851 2000 eum
880 1963 1011 1999 locum
1041 1961 1149 1998 unde
1170 1958 1344 1997 Helvetii
1365 1957 1507 1996 disces-

173 2034 299 2063 serant
331 2039 478 2072 vacare,
506 2039 556 2064 ne
592 2033 749 2075 propter
776 2024 994 2063 bonitatem
1025 2036 1205 2073 agrorum
1231 2020 1417 2060 Germani
1437 2019 1505 2069 qui

172 2097 276 2127 trans
310 2091 495 2128 Rhenum
530 2089 708 2127 incolunt
736 2102 757 2126 e
783 2088 862 2127 suis
889 2087 1032 2125 finibus
1060 2087 1099 2124 in
1122 2085 1395 2124 Helvetiorum
1415 2082 1503 2120 finis
1524 2094 1564 2125 30

173 2154 377 2192 transirent
420 2162 458 2192 et
498 2153 653 2191 finitimi
688 2152 838 2191 Galliae
890 2150 1113 2201 provinciae
1146 2147 1504 2197 Allobrogibusque

134 2231 150 2261 5
173 2225 312 2256 essent.
379 2217 509 2264 Boios,
551 2216 775 2267 petentibus
815 2215 976 2261 Aeduis,
1017 2215 1126 2263 quod
1164 2212 1315 2262 egregia
1364 2210 1504 2249 virtute

219 2320 466 2393 essdleietoxricos
484 2319 516 2349 A
537 2329 641 2359 marg.
658 2329 664 2348 :
706 2318 904 2356 Latobrigos
921 2316 957 2347 X
1059 2325 1099 2355 25
1124 2314 1209 2356 quo]
1226 2314 1281 2353 qui
1296 2313 1343 2346 Βι
1460 2322 1504 2351 30

175 2375 193 2393 e
213 2374 232 2393 a
282 2388 286 2393 .
346 2374 355 2379 ⁸
