1768 2739
651 162 693 199 C.
729 162 842 198 IVLI
877 162 1144 199 CAESARIS

193 272 347 315 4tridui
394 271 562 321 spatium
611 272 729 309 daret.
812 272 924 309 Haec
963 271 1093 309 omnia
1134 273 1278 310 Caesar
1316 273 1456 310 eodem
1496 272 1562 310 illo

232 337 423 388 pertinere
461 335 718 375 arbitrabatur
758 343 799 374 ut
841 336 955 375 tridui
999 349 1105 374 mora
1146 336 1372 386 interposita
1412 337 1563 387 equites

231 415 367 440 corum
393 401 460 452 qui
486 401 669 440 abessent
698 408 1005 448 reverterentur,
1035 409 1165 439 tamen
1196 415 1281 440 sese
1308 415 1388 440 non
1410 402 1562 451 longius

233 467 389 505 milibus
410 480 597 517 passuum
619 474 802 516 quattuor
825 466 1045 516 aquationis
1078 480 1194 505 causa
1215 479 1487 517 processurum
1515 480 1563 505 eo

195 545 212 576 5
232 532 296 571 die
316 532 435 571 dixit:
465 534 542 570 huc
563 540 719 583 postero
741 532 805 570 die
827 545 944 582 quam
967 531 1268 582 frequentissimi
1295 531 1560 578 convenirent,
1584 546 1601 576 5

194 601 213 633 6
232 605 274 636 ut
294 599 344 636 de
364 611 500 636 eorum
526 597 729 647 postulatis
762 604 1026 646 cognosceret.
1087 597 1248 635 Interim
1275 598 1325 635 ad
1345 597 1564 647 praefectos

232 662 299 712 qui
326 676 416 700 cum
444 662 552 700 omni
581 662 755 712 equitatu
787 669 1075 700 antecesserant
1100 661 1217 700 mittit
1246 661 1313 711 qui
1340 660 1564 699 nuntiarent

232 741 282 766 ne
315 726 437 765 hostis
472 727 622 777 proelio
654 729 889 765 lacesserent
917 734 964 774 et,
1002 726 1033 764 si
1063 726 1135 775 ipsi
1165 728 1455 772 lacesserentur,
1484 738 1564 763 sus-

232 792 400 831 tinerent
422 792 554 842 quoad
575 792 658 841 ipse
679 805 770 830 cum
792 791 961 830 exercitu
982 791 1141 841 propius
1161 790 1398 829 accessisset.

171 869 215 898 12
287 859 340 895 At
379 858 521 903 hostes,
564 856 632 895 ubi
670 855 840 906 primum
879 863 1032 894 nostros
1074 855 1225 905 equites
1263 861 1561 905 conspexerunt,
1587 869 1626 892 10

234 935 402 972 quorum
424 929 504 960 erat
525 928 547 959 V
568 935 764 969 numerus,
787 935 878 960 cum
910 921 983 970 ipsi
1014 934 1094 959 non
1125 920 1292 970 amplius
1317 920 1564 970 octingentos

237 987 387 1037 equites
409 987 609 1034 haberent,
629 988 737 1037 quod
759 986 793 1025 ei
811 986 878 1036 qui
898 986 1163 1024 frumentandi
1180 999 1297 1024 causa
1317 985 1440 1023 ierant
1460 991 1565 1023 trans

238 1054 395 1090 Mosam
431 1053 610 1091 nondum
649 1051 853 1098 redierant,
886 1051 982 1089 nihil
1012 1050 1241 1090 timentibus
1271 1050 1424 1097 nostris,
1456 1050 1565 1100 quod

235 1117 351 1167 legati
381 1130 516 1156 eorum
552 1119 670 1167 paulo
707 1125 798 1156 ante
831 1131 855 1155 a
893 1118 1061 1156 Caesare
1096 1116 1354 1156 discesserant
1384 1123 1504 1166 atque
1533 1114 1565 1152 is

236 1182 319 1221 dies
359 1182 518 1221 indutiis
558 1190 637 1221 erat
675 1183 725 1221 ab
764 1181 823 1220 his
861 1182 1017 1232 petitus,
1058 1182 1207 1232 impetu
1245 1183 1348 1220 facto
1393 1180 1567 1219 celeriter
1589 1193 1627 1225 15

200 1262 215 1283 2
237 1255 390 1286 nostros
419 1248 765 1297 perturbaverunt3
806 1261 935 1285 rursus
965 1247 1244 1293 resistentibus,
1280 1244 1567 1284 consuetudine

237 1327 307 1350 sua
344 1314 395 1351 ad
426 1314 547 1362 pedes
581 1313 832 1359 desiluerunt,
869 1312 1042 1351 suffossis
1077 1312 1187 1362 equis
1219 1311 1566 1361 compluribusque

238 1377 379 1415 nostris
417 1377 579 1416 deiectis
624 1377 794 1427 reliquos
839 1376 879 1414 in
925 1378 1055 1426 fugam
1101 1376 1326 1414 coiecerunt
1362 1383 1480 1425 atque
1514 1374 1566 1412 ita

237 1441 459 1491 perterritos
491 1449 652 1491 egerunt
681 1449 723 1479 ut
755 1454 834 1479 non
864 1440 969 1491 prius
999 1442 1088 1490 fuga
1118 1440 1349 1478 desisterent
1378 1452 1496 1489 quam
1527 1438 1565 1476 in

201 1514 493 1555 3conspectum
532 1505 697 1555 agminis
735 1505 855 1543 nostri
895 1505 1100 1544 venissent.
1162 1505 1209 1542 In
1249 1517 1295 1542 eo
1334 1503 1482 1553 proelio
1521 1517 1567 1542 ex
1589 1517 1627 1538 20

199 1590 218 1619 4
239 1570 435 1620 equitibus
467 1570 608 1608 nostris
640 1570 925 1608 interficiuntur
954 1577 1138 1619 quattuor
1165 1577 1202 1607 et
1235 1580 1330 1614 Lxx,
1362 1568 1401 1605 in
1422 1568 1482 1605 his
1512 1568 1567 1605 vir

239 1634 469 1673 fortissimus
502 1634 593 1673 Piso
624 1634 857 1685 Aquitanus,
879 1633 1122 1684 amplissimo
1148 1647 1288 1683 genere
1309 1640 1433 1680 natus,
1457 1633 1567 1671 cuius

238 1712 332 1737 avus
363 1699 402 1737 in
435 1699 590 1737 civitate
622 1712 691 1737 sua
723 1712 884 1748 regnum
913 1698 1145 1745 obtinuerat,
1174 1697 1323 1736 amicus
1350 1697 1400 1735 ab
1430 1706 1568 1735 senatu

200 1782 217 1812 5
240 1772 374 1803 nostro
406 1766 634 1815 appellatus.
696 1764 776 1803 Hic
810 1777 900 1802 cum
934 1763 1037 1802 fratri
1070 1763 1280 1802 intercluso
1309 1763 1359 1800 ab
1389 1762 1568 1801 hostibus

239 1830 425 1868 auxilium
446 1831 570 1877 ferret,
589 1830 698 1868 illum
720 1844 765 1868 ex
786 1829 958 1880 periculo
980 1828 1130 1879 eripuit,
1148 1828 1231 1878 ipse
1247 1840 1350 1877 equo
1365 1828 1568 1866 vulnerato
1591 1840 1628 1872 ²5

201 1898 220 1930 6
240 1895 415 1933 deiectus
437 1896 570 1944 quoad
600 1894 728 1945 potuit
748 1894 957 1933 fortissime
978 1893 1115 1932 restitit
1135 1909 1141 1931 :
1172 1906 1262 1931 cum
1279 1892 1568 1930 circumventus

241 1959 373 1998 multis
408 1959 634 1998 vulneribus
674 1959 845 2009 acceptis
880 1958 1086 1997 cecidisset
1120 1965 1237 2007 atque
1272 1957 1312 1995 id
1343 1958 1467 2003 frater,
1501 1956 1568 2006 qui

240 2024 317 2062 iam
338 2024 486 2074 proelio
508 2032 734 2071 excesserat,
757 2025 893 2074 procul
913 2022 1263 2069 animadvertisset,
1285 2021 1445 2060 incitato
1466 2034 1569 2071 equo

241 2102 281 2126 se
302 2089 480 2127 hostibus
502 2088 643 2126 obtulit
663 2096 780 2138 atque
800 2088 1025 2126 interfectus
1046 2095 1113 2126 est.

180 2161 222 2198 13
298 2155 390 2191 Hoc
420 2154 524 2191 facto
553 2153 714 2202 proelio,
747 2154 893 2192 Caesar
930 2165 1060 2201 neque
1098 2151 1175 2189 iam
1215 2150 1288 2189 sibi
1320 2152 1467 2200 legatos
1505 2163 1569 2187 au·
1590 2161 1630 2192 30

243 2217 411 2256 diendos
432 2230 562 2267 neque
591 2216 847 2255 condiciones
881 2216 1132 2266 accipiendas
1159 2214 1417 2253 arbitrabatur
1442 2214 1492 2252 ab
1513 2213 1568 2251 eis

243 2281 310 2331 qui
342 2295 410 2331 per
437 2283 573 2320 dolum
605 2289 723 2331 atque
755 2281 916 2320 insidias
946 2281 1068 2330 petita
1092 2293 1188 2329 pace
1216 2281 1317 2317 ultro
1342 2279 1488 2316 bellum
1515 2277 1569 2315 in-

207 2359 221 2379 2
244 2346 422 2384 tulissent
442 2362 448 2384 :
488 2354 712 2396 exspectare
739 2359 841 2393 vero,
865 2347 960 2384 dum
985 2345 1158 2383 hostiurn
1180 2343 1317 2393 copiae
1336 2349 1569 2391 augerentur

245 2410 521 2460 equitatusque
538 2419 801 2458 reverteretur,
820 2424 997 2449 summae
1018 2409 1242 2449 dementiae
1263 2421 1347 2446 esse
1368 2407 1567 2445 iudicabat
