1768 2739
430 120 503 157 Ι)Ε
536 119 715 157 BELLO
745 118 990 157 GALLICO
1021 117 1123 155 LIB.
1156 117 1237 155 VII

171 230 313 281 pularis
340 237 457 280 atque
482 230 532 268 ab
560 229 614 267 eis
644 229 866 267 sublevatus
896 242 1050 266 murum
1079 228 1277 267 ascendit:
1317 229 1389 267 hos
1409 227 1492 278 ipse

170 308 298 333 rursus
319 294 489 344 singulos
510 300 717 342 exceptans
738 292 777 329 in
798 306 952 330 murum
973 292 1117 330 extulit.

226 358 387 397 Interim
406 358 441 397 ei
463 357 528 408 qui
548 359 598 396 ad
618 359 777 395 alteram
798 364 947 407 partem
969 357 1115 407 oppidi,
1139 365 1179 395 ut
1196 371 1311 408 supra
1331 358 1492 396 demon·
1511 354 1564 401 48

169 423 383 469 stravimus,
417 421 643 460 munitionis
682 435 799 459 causa
837 429 1110 468 convenerant,
1144 421 1269 471 primo
1309 421 1491 459 exaudito

131 496 147 527 5
168 489 346 534 clamore,
376 486 468 525 inde
495 486 611 524 etiam
638 486 782 525 crebris
808 485 954 524 nuntiis
981 485 1128 524 incitati
1152 485 1343 535 oppidum
1367 499 1389 523 a
1415 488 1491 524 Ro-

168 551 291 589 manis
316 550 448 597 teneri,
470 550 690 600 praemissis
720 550 916 600 equitibus
945 563 1086 600 magno
1113 563 1305 588 concursu
1333 563 1380 588 eo
1401 563 1490 588 con-

167 616 384 654 tenderunt.
445 616 592 653 Eorum
624 622 666 653 ut
700 614 866 665 quisque
899 614 1046 665 primus
1075 622 1243 660 venerat,
1275 614 1348 652 sub
1378 627 1489 652 muro
1513 628 1526 648 2

165 679 403 717 consistebat
453 693 692 729 suorumque
743 679 1000 729 pugnantium
1051 692 1256 717 numerum
1309 679 1485 728 augebat.

167 745 345 792 Quorum
367 757 457 781 cum
478 757 618 794 magna
639 743 850 782 multitudo
871 743 1127 790 convenisset,
1147 750 1287 781 matres
1308 742 1486 789 familiae,
1511 753 1529 783 3

109 819 147 841 10
166 821 266 858 quae
289 809 406 858 paulo
431 815 522 846 ante
544 808 735 846 Romanis
759 809 808 846 de
839 822 950 846 muro
979 821 1116 846 manus
1143 808 1368 854 tendebant,
1399 821 1489 846 suos

165 872 349 911 obtestari
370 880 407 911 et
427 886 535 911 more
556 873 708 911 Gallico
728 886 886 923 passum
913 873 1096 923 capillum
1121 880 1316 911 ostentare
1332 872 1489 911 liberos-

165 950 241 987 que
261 936 301 975 in
327 945 583 987 conspectum
610 939 780 987 proferre
804 945 1028 987 coeperunt.
1089 939 1181 975 Erat
1203 937 1394 975 Romanis
1416 951 1487 975 nec
1509 952 1526 980 4

164 1002 252 1040 loco
272 1015 345 1040 nec
366 1015 530 1040 numero
556 1016 681 1052 aequa
708 1002 933 1049 contenti03
963 1002 1078 1041 simul
1105 1010 1142 1040 et
1169 1015 1283 1040 cursu
1304 1009 1342 1040 et
1363 1001 1488 1052 spatio

164 1079 318 1116 pugnae
338 1067 536 1117 defatigati
563 1081 643 1105 non
671 1067 781 1106 facile
809 1067 973 1106 recentis
999 1075 1116 1117 atque
1136 1067 1306 1117 integros
1328 1066 1488 1105 sustine-

107 1140 142 1172 15
162 1130 267 1169 bant.

217 1197 370 1243 Caesar,
387 1210 476 1234 cum
498 1196 633 1245 iniquo
655 1197 742 1234 loco
763 1195 925 1246 pugnari
941 1195 1192 1246 hostiumque
1209 1195 1338 1246 augeri
1355 1195 1487 1246 copias
1508 1201 1565 1239 49

162 1259 320 1307 videret,
356 1269 628 1310 praemetuens
668 1261 746 1299 suis
784 1262 834 1299 ad
866 1263 911 1299 T.
945 1261 1118 1299 Sextium
1151 1263 1330 1311 legatum,
1369 1274 1486 1311 quem

162 1324 376 1363 minoribus
401 1325 533 1363 castris
561 1324 755 1375 praesidio
785 1325 1000 1375 reliquerat,
1031 1325 1143 1372 misit,
1174 1333 1215 1363 ut
1243 1324 1413 1364 cohortis
1441 1340 1485 1364 ex

160 1389 292 1428 castris
313 1389 487 1428 celeriter
506 1391 689 1428 educeret
710 1397 747 1427 et
768 1390 840 1427 sub
866 1389 1001 1428 infimo
1022 1391 1121 1427 colle
1141 1390 1191 1428 ab
1212 1390 1348 1428 dextro
1369 1391 1486 1428 latere

102 1464 141 1487 20
160 1453 331 1492 hostium
361 1454 623 1501 constitueret,
654 1462 706 1501 ut,
738 1453 769 1492 si
798 1462 951 1492 nostros
982 1455 1069 1492 loco
1099 1455 1283 1504 depulsos
1313 1454 1483 1501 vidisset,

159 1532 238 1569 quo
265 1519 394 1557 minus
423 1519 542 1558 libere
572 1520 703 1558 hostes
728 1519 1025 1568 insequerentur
1051 1526 1217 1558 terreret.
1278 1521 1368 1569 Ipse
1396 1533 1485 1569 pau·
1510 1538 1523 1559 2

159 1585 240 1621 lum
257 1597 303 1622 ex
323 1597 370 1622 eo
391 1586 479 1622 loco
501 1597 591 1622 cum
613 1583 765 1634 legione
780 1597 1015 1634 progressus,
1036 1584 1101 1622 ubi
1118 1584 1352 1631 constiterat,
1373 1598 1485 1623 even-

158 1656 241 1685 tum
262 1661 415 1698 pugnae
436 1649 694 1698 exspectabat.

213 1713 315 1751 Cum
357 1713 543 1751 acerrime
588 1712 809 1751 comminus
852 1720 1097 1763 pugnaretur,
1138 1715 1269 1753 hostes
1316 1716 1404 1753 loco
1447 1722 1484 1752 et
1505 1723 1558 1761 50

100 1788 137 1819 25
158 1790 332 1824 numero,
355 1777 476 1816 nostri
496 1777 635 1816 virtute
656 1778 910 1825 confiderent,
933 1777 1063 1816 subito
1083 1786 1174 1817 sunt
1193 1778 1323 1818 Aedui
1343 1778 1413 1817 visi
1433 1779 1483 1817 ab

157 1842 274 1879 latere
313 1842 452 1881 nostris
490 1849 636 1892 aperto,
678 1856 777 1892 quos
817 1844 961 1882 Caesar
1002 1843 1052 1881 ab
1091 1844 1225 1882 dextra
1263 1850 1370 1893 parte
1408 1843 1484 1882 alio

155 1919 319 1944 ascensu
341 1919 478 1945 manus
506 1906 753 1946 distinendae
782 1921 899 1946 causa
926 1907 1092 1946 miserat.
1153 1907 1209 1945 Hi
1230 1906 1484 1947 similitudine
1507 1924 1521 1946 2

153 1983 349 2008 armorum
365 1972 617 2010 vehementer
632 1979 785 2011 nostros
800 1980 1088 2023 perterruerunt
1103 1986 1158 2019 ac,
1176 1972 1329 2011 tametsi
1342 1972 1485 2012 dextris

155 2034 296 2073 umeris
318 2035 476 2074 exsertis
496 2036 917 2085 animadvertebantur‚
943 2039 1051 2088 quod
1083 2036 1233 2087 insigne
1254 2041 1485 2087 †pacatum†

95 2111 135 2142 30
153 2112 239 2137 esse
258 2108 476 2147 consuerat,
499 2108 630 2139 tamen
658 2101 698 2140 id
729 2101 857 2152 ipsum
896 2102 955 2140 sui
994 2102 1153 2141 fallendi
1189 2115 1305 2140 causa
1344 2102 1484 2141 milites

151 2163 203 2201 ab
246 2163 424 2202 hostibus
463 2166 608 2203 factum
656 2165 939 2205 existimabant.
1020 2168 1173 2206 Eodem
1214 2174 1389 2216 tempore
1438 2169 1481 2205 L.
1505 2184 1522 2214 3

153 2227 298 2266 Fabius
332 2228 507 2267 centurio
546 2229 692 2280 quique
731 2244 809 2269 una
840 2245 994 2270 murum
1034 2233 1291 2271 ascenderant
1324 2231 1484 2270 circum-

151 2292 258 2332 venti
273 2300 391 2343 atque
418 2293 608 2333 interfecti
631 2309 742 2334 muro
770 2296 1134 2347 praecipitabantur.
1181 2299 1235 2335 M.
1263 2296 1478 2344 Petronius,
1502 2309 1521 2339 4

205 2397 225 2426 6
250 2407 348 2428 cursu
365 2398 386 2431 β
506 2408 547 2436 29
573 2403 706 2437 pactum
724 2399 833 2430 Heller
979 2411 1021 2439 33
1048 2400 1198 2432 Petreius
1221 2400 1271 2432 U:
1298 2401 1377 2432 Pref
1398 2400 1426 2432 T
