1706 2729
606 142 647 178 (⁷¹.
685 142 798 178 IVLI
832 143 1099 179 (xxEsARIs

189 258 226 289 et
248 250 459 289 necessitas
481 251 666 301 temporis
697 264 813 301 quam
836 259 877 290 ut
898 252 949 290 rei
972 252 1145 289 militaris
1166 252 1262 290 ratio
1282 260 1399 302 atque
1419 254 1516 292 ordo

188 317 421 366 postulabat,
446 329 535 354 cum
561 316 721 355 diversis
748 316 966 367 legionibus
993 317 1090 355 aliae
1113 317 1186 355 alia
1212 317 1248 355 in
1274 325 1381 368 parte
1401 318 1517 356 hosti-

188 381 261 419 bus
287 380 507 419 resisterent
527 381 790 431 saepibusque
819 381 1070 428 densissimis,
1100 390 1142 420 ut
1168 389 1258 420 ante
1279 383 1517 420 demonstra-

187 445 325 492 vimus,
352 444 562 483 interiectis
592 453 821 495 prospectus
850 445 1111 496 impediretur,
1139 460 1268 496 neque
1297 454 1400 485 certa
1430 447 1516 485 sub-

188 510 287 548 sidia
325 510 507 548 collocari
549 523 679 559 neque
723 510 819 559 quid
864 510 902 547 in
942 524 1098 560 quaque
1136 520 1243 561 parte
1278 525 1377 562 opus
1416 519 1554 550 essetf>

187 575 379 625 provideri
411 588 539 624 neque
568 576 618 613 ab
649 588 729 612 uno
758 575 891 612 onmia
929 575 1089 624 imperia
1124 576 1381 614 administrari
1412 584 1518 626 pote-

151 647 281 678 2rant.
343 642 483 689 Itaque
521 639 560 677 in
595 647 702 678 tanta
740 653 867 678 rerum
906 639 1110 690 iniquitate
1148 643 1325 679 fortunae
1359 654 1516 691 quoque

187 712 349 743 eventus
370 705 461 742 varii
484 705 757 754 sequebantur.

117 779 167 816 23
242 769 424 819 Legionis
458 783 586 808 nonae
621 778 658 808 et
690 769 868 809 decimae
897 769 1049 817 milites,
1081 778 1123 809 ut
1154 771 1193 808 in
1225 770 1376 809 sinistra
1409 779 1517 820 parte

185 834 269 873 acie
298 835 562 882 constiterant,
594 834 681 885 pilis
713 835 875 881 emissis,
906 849 1020 873 cursu
1054 850 1099 874 ac
1134 835 1361 874 lassitudine
1392 836 1517 874 exani·
1540 847 1577 869 10

187 907 312 938 matos
339 900 644 949 vulneribusque
673 901 874 938 confectos
895 901 1101 939 Atrebates
1129 901 1235 952 (nam
1268 901 1326 939 his
1356 914 1400 939 ea
1430 914 1516 951 pars

186 965 415 1014 obvenerat)
443 964 618 1002 celeriter
651 978 698 1002 ex
727 966 815 1002 loco
846 964 1043 1014 superiore
1074 965 1112 1003 in
1142 967 1287 1004 flumen
1320 967 1517 1015 compule-

187 1037 285 1076 runt,
323 1037 360 1068 et
391 1029 551 1067 transire
581 1029 758 1068 conantis
790 1029 955 1068 insecuti
985 1030 1121 1079 gladiis
1157 1043 1337 1080 magnam
1367 1038 1515 1080 partem

151 1110 164 1130 2
186 1107 321 1132 eorum
351 1093 581 1144 impeditam
611 1093 896 1132 interfecerunt.
958 1094 1038 1144 Ipsi
1070 1094 1228 1133 transire
1260 1096 1406 1133 flumen
1436 1108 1516 1133 non

186 1159 464 1197 dubitaverunt
503 1166 540 1197 et
574 1158 614 1196 in
649 1161 779 1197 locum
811 1159 988 1209 iniquum
1028 1159 1217 1210 progressi
1252 1173 1379 1198 rursus
1410 1159 1516 1198 resis-
1540 1173 1574 1205 15

150 1235 166 1265 3
187 1224 301 1262 tentis
323 1224 444 1262 hostis
466 1223 728 1273 redintegrato
748 1224 896 1273 proelio
917 1224 956 1261 in
977 1226 1107 1273 fugam
1132 1224 1364 1263 coiecerunt.
1415 1226 1515 1263 Item

185 1289 259 1327 alia
292 1288 331 1326 in
363 1297 470 1339 parte
505 1289 680 1327 diversae
711 1290 812 1327 duae
844 1289 1026 1339 legiones,
1059 1289 1268 1328 undecima
1300 1298 1337 1328 et
1367 1297 1513 1336 octava,

186 1354 396 1404 profligatis
418 1356 453 1390 V
457 1353 697 1392 iromanduis
727 1353 962 1403 quibuscum
993 1361 1099 1391 erant
1132 1354 1337 1403 congressi,
1361 1368 1407 1392 ex
1427 1356 1515 1392 loco

147 1438 166 1467 4
187 1418 382 1469 superiore
404 1418 442 1455 in
464 1418 555 1468 ipsis
583 1418 754 1456 fluminis
782 1418 871 1468 ripis
896 1418 1193 1468 proeliabantur.
1254 1422 1306 1457 At
1326 1419 1415 1457 totis
1437 1420 1514 1457 fere

186 1497 208 1522 a
232 1485 357 1522 fronte
387 1491 425 1521 et
453 1484 503 1521 ab
533 1483 685 1521 sinistra
715 1491 823 1533 parte
853 1483 1008 1522 nudatis
1038 1483 1180 1531 castris,
1204 1497 1294 1522 cum
1316 1484 1354 1521 in
1379 1485 1514 1522 dextro
1536 1497 1575 1520 20

186 1561 307 1587 cornu
332 1548 433 1597 legio
460 1548 696 1587 duodecima
723 1556 761 1587 et
791 1562 870 1586 non
901 1562 1044 1598 magno
1066 1550 1116 1587 ab
1146 1562 1192 1587 ea
1212 1549 1412 1587 intervallo
1433 1563 1514 1599 sep-

186 1613 280 1652 tima
306 1613 553 1661 constitisset,
580 1627 718 1652 omnes
747 1613 878 1651 Nervii
911 1614 1196 1652 confertissimo
1226 1614 1391 1665 agmine,
1414 1615 1514 1653 duce

188 1679 460 1728 Boduognato,
495 1678 561 1728 qui
591 1691 785 1717 summam
816 1678 951 1729 imperi
983 1680 1151 1726 tenebat,
1184 1680 1234 1717 ad
1265 1693 1354 1717 eum
1384 1681 1513 1717 locum

149 1758 164 1788 5
186 1745 497 1791 contenderunt,
531 1757 697 1793 quorum
728 1757 815 1793 pars
844 1752 978 1793 aperto
1008 1745 1125 1782 latere
1154 1744 1326 1793 legiones
1355 1743 1515 1782 circum—

185 1808 326 1855 venire,
349 1821 436 1858 pars
457 1821 655 1846 summum
677 1816 890 1846 castrorum
912 1810 1041 1846 locum
1063 1816 1194 1858 petere
1214 1808 1352 1859 coepit.
1535 1822 1573 1854 ²5

115 1888 166 1924 24
242 1874 394 1912 Eodem
412 1881 589 1923 tempore
609 1873 759 1923 equites
787 1872 906 1911 nostri
931 1873 1104 1922 levisque
1127 1881 1343 1912 armaturae
1363 1874 1514 1924 pedites

186 1938 252 1988 qui
273 1951 363 1977 cum
385 1938 438 1976 eis
466 1951 543 1976 una
564 1940 725 1985 fuerant,
749 1951 847 1988 quos
868 1938 994 1988 primo
1021 1938 1192 1976 hostium
1213 1938 1362 1989 impetu
1382 1940 1514 1989 pulsos

187 2003 370 2050 dixeram,
393 2017 483 2041 cum
511 2016 552 2042 se
579 2003 617 2041 in
648 2011 771 2041 castra
801 2003 1026 2053 reciperent,
1049 2003 1219 2042 adversis
1247 2003 1424 2042 hostibus
1454 2017 1516 2042 oc-

146 2086 159 2106 2
187 2068 393 2106 currebant
422 2081 467 2105 ac
498 2081 625 2106 rursus
655 2067 770 2106 aliam
810 2068 850 2105 in
889 2075 1037 2117 partem
1070 2069 1200 2118 fugam
1230 2069 1417 2119 petebant
1433 2083 1443 2116 ;
1477 2075 1514 2107 et

187 2134 354 2179 calones,
396 2132 461 2182 qui
500 2134 549 2170 ab
588 2134 808 2171 decumana
846 2140 957 2183 porta
994 2147 1040 2171 ac
1082 2147 1238 2171 summo
1277 2133 1367 2183 iugo
1405 2133 1513 2172 collis
1533 2147 1573 2176 30

187 2204 338 2235 nostros
377 2195 542 2236 victores
572 2198 719 2237 flumen
754 2199 937 2238 transisse
972 2207 1265 2250 conspexerant,
1299 2199 1511 2249 praedandi

187 2274 303 2299 causa
332 2262 483 2311 egressi,
515 2275 605 2300 cum
634 2261 891 2312 respexissent
921 2270 958 2300 et
992 2263 1114 2301 hostis
1144 2263 1182 2301 in
1212 2263 1351 2301 nostris
1381 2263 1512 2301 castris

152 2339 168 2368 3
188 2326 326 2364 versari
348 2327 542 2373 vidissent,
568 2327 797 2376 praecipites
824 2329 936 2376 fugae
963 2342 1048 2366 sese
1078 2329 1328 2366 mandabant.
1389 2328 1511 2366 Simul

406 2441 443 2468 31
472 2432 634 2462 transisse
653 2430 752 2460 AB&
778 2433 983 2471 transisse&
1006 2430 1063 2461 M:
1096 2433 1240 2462 transire
1256 2435 1279 2466 β
