1706 2729
417 139 490 176 DE
523 138 702 176 BELLO
733 139 979 177 GALLICO
1010 140 1112 177 LIB.
1147 141 1164 177 Ι

145 248 184 287 in
206 249 332 288 Gallia
352 249 531 287 ulteriore
552 248 652 298 legio
673 248 779 298 una),
802 257 963 298 pontem
994 250 1060 299 qui
1087 258 1167 289 erat
1186 251 1237 290 ad
1258 253 1459 289 Genavam

144 313 252 352 iubet
272 312 447 351 rescindi.
508 312 589 351 Ubi
610 313 660 350 de
680 312 762 350 eius
782 314 953 351 adventu
976 314 1149 352 Helvetii
1170 314 1351 353 certiores
1372 316 1462 354 facti
1486 329 1501 359 ,3

144 385 245 424 sunt,
276 379 421 427 legatos
451 377 503 415 ad
534 390 623 414 eum
656 376 814 415 mittunt
850 377 1114 416 nobilissimos
1146 378 1321 426 civitatis,
1353 380 1464 418 cuius

143 442 345 493 legationis
373 442 603 481 Nammeius
630 450 668 481 et
688 442 959 481 Verucloetius
990 442 1207 492 principem
1236 445 1367 482 locum
1397 445 1464 483 ob-

104 521 122 552 5
143 507 330 554 tinebant,
352 507 419 557 qui
446 507 621 546 dicerent
645 507 718 545 sibi
740 521 824 546 esse
845 507 883 546 in
905 507 1038 546 animo
1059 508 1143 546 sine
1163 509 1244 546 ullo
1271 509 1465 548 maleficio

143 571 214 610 iter
232 585 300 621 per
319 571 558 621 provinciam
586 573 723 618 facere,
746 580 951 622 propterea
980 573 1090 623 quod
1118 572 1226 611 aliud
1252 572 1324 611 iter
1348 574 1465 612 habe-

142 643 228 673 rent
249 637 427 674 nullum:
458 649 591 686 rogare
618 644 660 674 ut
687 636 769 674 eius
794 638 994 674 voluntate
1021 636 1062 675 id
1086 636 1160 675 sibi
1187 638 1314 675 facere
1337 636 1460 675 liceat.

143 701 296 747 Caesar,
319 702 428 751 quod
454 700 644 739 memoria
670 701 829 739 tenebat
857 703 898 739 L.
924 701 1105 741 Cassium
1133 703 1337 740 consulem
1364 701 1464 740 occi·
1484 717 1504 747 4

142 779 229 803 sum
256 765 547 815 exercitumque
576 765 658 803 eius
685 766 735 803 ab
758 765 950 804 Helvetiis
977 767 1134 815 pulsum
1164 774 1201 804 et
1229 766 1302 804 sub
1329 765 1462 816 iugum

87 846 125 868 10
143 829 315 876 missum,
330 830 632 868 concedendum
648 842 728 868 non
745 830 907 879 putabat
923 844 934 877 ,-
962 843 1091 880 neque
1107 830 1287 868 homines
1303 829 1463 868 inimico

141 894 284 942 animo,
307 896 398 934 data
423 896 606 933 facultate
632 908 701 944 per
727 894 967 944 provinciam
992 895 1138 934 itineris
1165 894 1346 941 faciendi,
1368 901 1462 933 tem-

141 969 340 1011 peraturos
371 962 422 1000 ab
453 961 591 1000 iniuria
619 970 657 1001 et
687 962 880 1001 maleficio
910 961 1165 1000 existimabat.
1225 962 1389 1007 Tamen,
1421 967 1463 998 ut
1485 969 1502 1000 5

142 1027 310 1078 spatium
342 1027 582 1067 intercedere
616 1036 748 1078 posset
777 1030 873 1068 dum
901 1028 1042 1067 milites
1072 1041 1172 1078 quos
1206 1027 1462 1077 imperaverat

141 1092 405 1139 convenirent,
441 1093 576 1142 legatis
614 1094 816 1143 respondit
850 1093 956 1132 diem
996 1107 1037 1132 se
1074 1094 1125 1132 ad
1159 1093 1459 1132 deliberandum

85 1169 121 1201 15
142 1166 411 1208 sumpturum:
441 1158 473 1196 si
494 1158 589 1208 quid
610 1160 764 1206 vellent,
786 1160 837 1198 ad
858 1160 916 1197 Id.
941 1159 1062 1209 April.
1086 1166 1376 1197 reverterentur.

196 1223 350 1261 Interea
387 1235 434 1260 ea
467 1222 620 1272 legione
658 1237 776 1273 quarn
815 1237 950 1262 secum
990 1223 1161 1261 habebat
1192 1222 1460 1272 militibusque
1482 1228 1506 1265 8

140 1286 207 1336 qui
245 1300 290 1325 ex
335 1287 536 1336 provincia
573 1296 838 1326 convenerant
875 1302 898 1326 a
936 1289 1023 1326 lacu
1064 1290 1279 1334 Lemanno,
1315 1287 1383 1337 qui
1421 1287 1459 1325 in

140 1352 286 1390 flumen
321 1353 563 1390 Rhodanum
603 1352 740 1399 influit,
776 1354 827 1391 ad
866 1360 1042 1391 montem
1084 1354 1226 1398 Iuram,
1267 1351 1334 1401 qui
1373 1351 1461 1390 finis

140 1419 410 1467 Sequanorum
444 1420 495 1457 ab
535 1418 728 1457 Helvetiis
766 1418 916 1465 dividit,
952 1418 1058 1456 milia
1097 1431 1282 1467 passuum
1321 1418 1460 1456 decem

82 1496 122 1518 20
141 1495 282 1521 novem
313 1496 467 1521 murum
497 1483 536 1521 in
566 1482 813 1522 altitudinem
848 1483 995 1532 pedum
1031 1480 1204 1521 sedecim
1236 1483 1461 1531 fossamque

139 1546 326 1595 perducit.
388 1549 448 1585 Eo
485 1560 603 1597 opere
642 1549 825 1596 perfecto,
857 1546 1049 1596 praesidia
1087 1546 1271 1596 disponit,
1304 1547 1462 1584 castella
1483 1559 1498 1579 2

139 1610 368 1657 communit,
400 1624 479 1660 quo
517 1610 678 1658 facilius,
710 1610 742 1649 si
776 1625 817 1650 se
855 1610 976 1649 invito
1015 1611 1175 1649 transire
1215 1618 1458 1658 conarentur,

138 1673 345 1723 prohibere
383 1675 515 1725 possit.
591 1676 673 1715 Ubi
711 1690 757 1714 ea
794 1675 878 1714 dies
917 1688 1037 1725 quam
1076 1675 1330 1713 constituerat
1370 1689 1459 1714 cum
1483 1688 1500 1718 3

139 1738 273 1788 legatis
302 1740 408 1778 venit
440 1748 477 1778 et
506 1740 621 1790 legati
650 1741 702 1778 ad
731 1754 820 1778 eum
852 1747 1101 1785 reverterunt,
1136 1747 1251 1789 negat
1282 1753 1322 1778 se
1353 1753 1460 1779 more

81 1817 120 1850 25
140 1810 177 1840 et
207 1805 386 1853 exemplo
416 1804 551 1854 populi
579 1804 750 1842 Romani
780 1817 895 1854 posse
925 1803 995 1842 iter
1025 1803 1092 1842 ulli
1122 1816 1190 1853 per
1220 1803 1459 1853 provinciam

139 1868 231 1905 dare
270 1874 317 1913 et,
358 1867 390 1905 si
427 1868 506 1906 vim
545 1869 671 1906 facere
709 1876 910 1914 conentur,
947 1867 1233 1918 prohibiturum
1274 1868 1455 1906 ostendit.

142 1931 314 1969 Helvetii
348 1947 394 1970 ea
432 1947 499 1982 spe
529 1933 681 1980 deiecti,
713 1933 877 1971 navibus
916 1933 1057 1972 iunctis
1097 1934 1322 1983 ratibusque
1357 1946 1497 1975 com-4

141 1996 315 2045 pluribus
354 1997 464 2035 factis
502 1998 566 2035 alii
599 1998 707 2036 vadis
748 1998 945 2045 Rhodani,
978 2013 1055 2048 qua
1095 1999 1257 2037 minima
1295 1998 1460 2036 altitudo

140 2060 311 2099 fluminis
349 2069 440 2108 erat,
481 2075 561 2100 non
601 2076 815 2112 numquam
856 2062 1036 2110 interdiu,
1074 2063 1228 2113 saepius
1266 2071 1398 2109 noctu,
1429 2061 1459 2099 si

80 2145 121 2176 30
141 2139 390 2175 perrumpere
428 2135 588 2176 possent
628 2127 768 2174 conati,
800 2127 927 2177 operis
968 2128 1186 2166 munitione
1221 2135 1259 2165 et
1294 2126 1459 2165 militum

139 2204 332 2229 concursu
354 2199 392 2229 et
412 2191 496 2229 telis
517 2191 671 2242 repulsi,
694 2194 770 2231 hoc
790 2201 934 2231 conatu
956 2193 1196 2232 destiterunt.

194 2255 505 2304 Relinquebatur
536 2269 614 2293 una
644 2269 712 2305 per
740 2258 943 2306 Sequanos
972 2256 1044 2303 via,
1076 2270 1153 2306 qua
1185 2256 1375 2306 Sequanis
1405 2255 1459 2293 in—
1478 2259 1508 2297 9

138 2318 224 2357 vitis
259 2327 416 2369 propter
448 2319 645 2369 angustias
679 2318 732 2358 ire
767 2333 846 2358 non
886 2328 1073 2370 poterant.
1145 2320 1221 2358 His
1261 2334 1350 2358 cum
1389 2333 1458 2358 sua
1480 2331 1493 2352 2

325 2414 338 2434 1
365 2404 517 2436 Genuam
534 2403 571 2435 X
700 2415 718 2443 4
743 2404 927 2446 principem
951 2406 992 2439 T:
1020 2406 1205 2446 principum
1221 2405 1280 2436 aU
