1768 2739
456 567 514 619 C.
572 567 725 618 IVLI
779 567 1155 620 CAESARIS

575 700 1027 732 COMMENTARIORVM

348 810 464 868 DE
521 811 813 869 BELLO
870 809 1263 869 GALLICO

580 956 750 993 LIBER
781 955 1028 1003 QVINTVS

210 1088 250 1124 L.
292 1088 481 1124 DOMITIO
525 1088 625 1136 App.
674 1085 843 1125 Claudio
888 1085 1128 1132 consulibus,
1171 1085 1379 1125 discedens
1420 1086 1470 1123 ab
1495 1099 1510 1126 1

145 1150 317 1188 hibernis
349 1152 492 1189 Caesar
522 1150 560 1188 in
591 1149 756 1197 Italiam,
784 1158 825 1188 ut
852 1149 1063 1200 quotannis
1093 1151 1219 1188 facere
1250 1157 1467 1195 consuerat,

145 1215 279 1264 legatis
326 1215 490 1265 imperat
535 1229 634 1265 quos
689 1215 908 1264 legionibus
957 1216 1193 1265 praefecerat
1243 1215 1298 1253 uti
1351 1228 1469 1265 quam

145 1279 330 1329 plurimas
362 1288 521 1329 possent
557 1280 685 1318 hieme
720 1280 828 1318 navis
860 1279 1124 1318 aedificandas
1154 1288 1389 1331 veteresque
1418 1293 1471 1318 re-

106 1356 123 1387 5
145 1343 331 1383 ficiendas
352 1352 539 1383 curarent.
597 1347 741 1383 Earum
763 1346 926 1391 modu-m
948 1345 1193 1394 formamque
1213 1346 1466 1383 demonstrat.

145 1410 208 1447 Ad
235 1408 471 1447 celeritatem
500 1409 689 1448 onerandi
710 1408 1072 1459 subductionesque
1093 1410 1211 1459 paulo
1234 1408 1326 1447 facit
1346 1408 1470 1447 humi·
1497 1424 1511 1445 2

145 1473 258 1511 liores
288 1487 405 1523 quam
435 1473 578 1523 quibus
605 1474 644 1511 in
675 1482 808 1513 nostro
836 1473 931 1512 mari
959 1474 1015 1512 uti
1039 1473 1327 1520 consuevimus,
1350 1481 1469 1523 atque

146 1538 184 1577 id
206 1553 252 1577 eo
280 1539 401 1589 magis
432 1541 539 1589 quod
566 1547 722 1589 propter
750 1539 903 1578 crebras
932 1538 1261 1577 commutationes
1288 1546 1467 1577 aestuum

146 1603 275 1642 minus
310 1617 471 1653 magnos
503 1604 557 1642 ibi
591 1606 731 1642 fluctus
768 1603 847 1641 fieri
884 1612 1143 1653 cognoverat3
1181 1605 1231 1642 ad
1263 1617 1393 1649 onera,
1423 1604 1473 1641 ad

91 1685 127 1707 ιο
147 1667 438 1706 multitudinem
473 1668 736 1706 iumentorum
783 1669 1124 1718 transportandam
1163 1669 1281 1717 paulo
1320 1667 1474 1706 latiores

146 1746 263 1782 quam
294 1732 436 1782 quibus
466 1732 504 1770 in
535 1732 690 1782 reliquis
722 1732 866 1771 utimur
898 1732 1079 1771 maribus.
1141 1734 1226 1770 Has
1257 1732 1385 1770 omnis
1414 1745 1473 1769 ac·
1495 1743 1512 1773 3

146 1797 286 1836 tuarias
307 1797 470 1848 imperat
486 1798 578 1845 fieri,
594 1813 711 1849 quam
729 1800 779 1837 ad
801 1812 880 1837 rem
900 1800 1065 1836 multum
1083 1797 1281 1835 humilitas
1302 1796 1469 1835 adiuvat.

148 1865 204 1900 Ea
231 1877 331 1912 quae
352 1870 441 1900 sunt
458 1862 543 1901 usui
564 1865 614 1902 ad
635 1865 842 1902 armandas
871 1863 978 1901 navis
1001 1877 1047 1901 ex
1064 1862 1259 1912 Hispania
1279 1861 1473 1911 apportari
1494 1875 1513 1903 4

145 1927 263 1965 iubet.
325 1929 426 1976 Ipse,
449 1928 708 1966 conventibus
735 1928 884 1966 Galliae
916 1927 1101 1966 citerioris
1127 1927 1303 1977 peractis,
1326 1928 1365 1964 in
1388 1927 1474 1975 Illy·
1495 1940 1511 1970 5

90 2009 125 2039 15
147 1992 268 2030 ricum
299 1992 565 2041 proficiscitur,
590 1995 698 2042 quod
727 2006 750 2030 a
780 1993 939 2031 Pirustis
973 1993 1180 2031 finitimam
1211 2000 1359 2042 partem
1390 2004 1474 2040 pro-

146 2057 296 2095 vinciae
328 2056 616 2096 incursionibus
647 2057 786 2096 vastari
817 2058 1011 2096 audiebat.
1075 2060 1134 2095 Eo
1169 2070 1258 2095 cum
1291 2057 1470 2102 venisset,
1493 2064 1512 2095 6

145 2121 365 2160 civitatibus
396 2121 537 2160 milites
576 2121 739 2172 imperat
771 2130 998 2172 certumque
1028 2122 1067 2159 in
1098 2124 1228 2160 locum
1263 2120 1472 2159 convenire

145 2186 262 2225 iubet.
323 2188 413 2234 Qua
442 2200 481 2224 re
511 2186 687 2225 nuntiata
719 2186 892 2225 Pirustae
919 2188 1066 2236 legatos
1099 2188 1149 2225 ad
1184 2200 1274 2224 eum
1312 2185 1510 2230 mittunt?

145 2251 211 2301 qui
245 2253 414 2290 doceant
448 2251 543 2289 nihil
578 2265 710 2290 earum
745 2266 871 2290 rerum
906 2252 1065 2302 publico
1100 2253 1244 2290 factum
1281 2250 1445 2289 consilio
1463 2265 1471 2297 3

88 2332 126 2353 20
145 2330 308 2367 seseque
343 2325 496 2367 paratos
531 2331 615 2356 esse
649 2318 920 2356 demonstrant
951 2316 1135 2356 omnibus
1170 2316 1384 2355 rationibus
1420 2317 1469 2355 dc

613 2431 633 2460 9
657 2431 693 2452 ac
713 2420 958 2453 multitudinem
975 2424 997 2456 β

198 2486 339 2507 CAESAR.
358 2486 423 2508 ao.
1372 2479 1392 2507 6
