1706 2729
627 132 670 170 C.
705 131 820 169 IVLI
852 131 1120 170 CAESARIS

212 243 320 290 quod
350 242 431 279 eius
464 241 586 279 soceri
622 244 663 280 L.
702 241 854 280 Pisonis
887 256 1015 289 avum,
1054 244 1095 281 L.
1133 242 1317 281 Pisonem
1352 243 1534 292 legatum,

213 305 388 355 Tigurini
410 307 551 344 eodem
572 306 720 356 proelio
741 319 820 356 quo
842 307 1020 346 Cassium
1043 307 1324 345 interfecerant.

151 380 194 417 13
267 371 361 408 Hoc
390 369 538 419 proelio
567 371 682 417 facto,
711 371 878 420 reliquas
908 371 1041 421 copias
1073 371 1345 409 Helvetiorum
1375 378 1418 409 ut
1446 384 1536 410 con-

212 434 323 484 sequi
351 442 495 484 posset,
521 442 684 484 pontem
713 435 753 473 in
783 438 903 474 Arare
937 436 1161 474 faciendum
1199 443 1307 474 curat
1336 442 1454 485 atque
1483 435 1536 474 ita

175 519 190 540 2
211 498 423 538 exercitum
453 499 630 538 traducit.
692 500 865 538 Helvetii
892 499 1098 549 repentino
1125 499 1207 537 eius
1233 501 1404 538 adventu
1431 513 1536 539 com-
1554 512 1571 544 5

212 563 319 611 moti,
342 577 432 602 cum
464 563 505 602 id
536 565 645 614 quod
671 563 745 614 ipsi
774 564 914 603 diebus
943 575 1002 602 xx
1031 563 1243 613 aegerrime
1271 565 1532 611 confecerant,

209 636 252 666 ut
290 629 437 667 flumen
471 627 690 674 transirent,
726 628 836 667 illum
870 642 951 667 uno
984 627 1048 666 die
1082 627 1219 666 fecisse
1252 627 1532 677 intellegerent,

209 694 356 742 legatos
385 693 436 731 ad
466 705 557 730 eum
587 691 772 739 mittunt3
810 692 921 731 cuius
951 692 1153 742 legationis
1185 691 1325 730 Divico
1354 691 1534 742 princeps

171 771 189 801 3
209 756 291 803 fuit,
328 756 395 806 qui
430 757 534 795 bello
569 756 761 796 Cassiano
793 758 873 795 dux
904 756 1177 795 Helvetiorum
1207 758 1339 795 fuerat.
1413 758 1453 795 Is
1483 756 1536 794 ita

209 835 299 860 cum
327 822 495 861 Caesare
519 820 619 871 egit:
658 821 690 859 si
716 834 854 870 pacem
884 823 1053 872 populus
1084 823 1289 859 Romanus
1318 834 1408 859 cum
1440 822 1535 859 Hel-
1557 833 1596 855 10

209 885 320 924 vetiis
367 887 521 932 faceret,
562 885 602 923 in
645 899 732 924 eam
774 893 923 935 partem
971 885 1092 924 ituros
1136 893 1254 935 atque
1292 884 1344 923 ibi
1384 886 1534 924 futuros

211 949 417 988 Helvetios
437 949 505 988 ubi
526 963 594 989 eos
615 951 761 989 Caesar
782 950 1048 989 constituisset
1073 957 1190 1000 atque
1218 963 1302 988 esse
1325 949 1510 988 voluisset
1525 963 1535 996 3

169 1014 268 1056 4sin
302 1015 407 1053 bello
445 1013 627 1063 persequi
665 1022 936 1064 perseveraret,
972 1014 1282 1052 reminisceretur
1321 1021 1358 1051 et
1396 1013 1534 1051 veteris

208 1079 453 1118 incommodi
474 1078 610 1128 populi
627 1079 799 1118 Romani
820 1087 858 1117 et
874 1079 1059 1128 pristinae
1079 1078 1229 1117 virtutis
1247 1077 1531 1116 Helvetiorum.

169 1158 186 1190 5
209 1145 331 1192 Quod
362 1143 575 1192 improviso
608 1157 731 1181 unum
770 1156 914 1193 pagum
948 1144 1107 1182 adortus
1139 1150 1251 1189 esset,
1283 1155 1373 1180 cum
1402 1142 1438 1180 ei
1466 1141 1534 1191 qui
1557 1157 1592 1188 15

208 1208 356 1245 flumen
389 1207 618 1246 transissent
652 1207 730 1246 suis
759 1208 945 1246 auxilium
972 1209 1069 1247 ferre
1099 1221 1179 1246 non
1210 1214 1380 1257 possent,
1402 1220 1452 1244 ne
1481 1206 1535 1244 ob

208 1287 294 1311 eam
324 1286 406 1311 rem
437 1279 504 1310 aut
539 1285 632 1310 suae
672 1286 909 1321 magnopere
946 1272 1076 1310 virtuti
1110 1272 1295 1310 tribueret
1328 1278 1395 1308 aut
1428 1269 1534 1319 ipsos

168 1348 187 1379 6
208 1337 435 1387 despiceret.
496 1338 546 1374 Se
575 1337 628 1374 ita
657 1350 680 1374 a
705 1337 879 1386 patribus
909 1337 1201 1385 maioribusque
1230 1335 1309 1374 suis
1337 1334 1532 1379 didicisse,

207 1409 248 1440 ut
279 1401 400 1451 magis
430 1401 570 1439 virtute
594 1414 713 1450 quam
740 1402 835 1439 dolo
860 1403 1146 1440 contenderent
1171 1407 1238 1439 aut
1262 1399 1412 1438 insidiis
1440 1399 1534 1437 nite-

171 1482 187 1514 7
207 1474 347 1505 rentur.
390 1467 522 1514 Quare
547 1480 596 1504 ne
626 1466 888 1505 committeret
916 1473 959 1504 ut
988 1466 1019 1504 is
1049 1467 1158 1505 locus
1178 1465 1246 1503 ubi
1267 1464 1533 1503 constitissent
1555 1480 1593 1502 20

206 1545 253 1569 ex
291 1531 511 1569 calamitate
549 1530 685 1580 populi
725 1530 897 1569 Romani
944 1537 982 1569 et
1029 1529 1296 1569 internecione
1343 1528 1533 1567 exercitus

208 1609 353 1634 nomen
375 1603 529 1645 caperet
549 1603 616 1633 aut
636 1595 865 1633 memoriam
886 1597 1078 1645 proderet.

146 1666 191 1703 14
265 1660 340 1698 His
380 1661 524 1699 Caesar
562 1660 615 1698 ita
658 1660 882 1709 respondit:
926 1674 973 1699 eo
1007 1660 1081 1699 sibi
1115 1659 1244 1698 minus
1278 1657 1533 1698 dubitationis

208 1725 302 1771 dari,
336 1726 445 1775 quod
474 1738 539 1763 eas
574 1738 633 1763 res
671 1738 768 1774 quas
807 1725 921 1774 legati
954 1725 1127 1764 Helvetii
1157 1731 1533 1764 commemorassent

207 1790 397 1828 memoria
421 1797 581 1836 teneret,
610 1797 729 1839 atque
755 1802 803 1828 eo
831 1789 983 1839 gravius
1010 1791 1107 1828 ferre
1136 1803 1216 1839 quo
1240 1789 1370 1827 minus
1393 1788 1532 1827 merito
1553 1804 1591 1835 25

170 1872 184 1892 2
205 1855 341 1905 populi
381 1855 553 1893 Romani
591 1854 851 1893 accidissent:
895 1855 962 1904 qui
996 1855 1027 1893 si
1061 1855 1224 1894 alicuius
1258 1853 1420 1894 iniuriae
1459 1853 1531 1892 sibi

206 1920 387 1959 conscius
414 1920 561 1966 fuisset,
590 1934 671 1958 non
699 1920 817 1959 fuisse
844 1920 1001 1959 difficile
1028 1934 1164 1959 cavere
1179 1935 1188 1967 ;
1222 1921 1292 1959 sed
1319 1933 1367 1958 eo
1393 1921 1533 1969 decep-

206 1993 300 2032 tum,
344 1987 453 2035 quod
496 1999 627 2035 neque
678 1986 933 2025 commissum
974 2000 997 2024 a
1050 2000 1090 2024 se
1132 1986 1372 2036 intellegeret
1413 1999 1532 2035 quare

168 2049 358 2093 5timeret
396 2063 526 2100 neque
564 2050 647 2088 sine
689 2064 808 2088 causa
845 2050 1065 2089 timendum
1104 2058 1266 2100 putaret.
1332 2050 1453 2098 Quod
1501 2048 1531 2087 si

205 2114 344 2153 veteris
378 2114 641 2153 contumeliae
670 2114 848 2152 oblivisci
876 2116 1003 2161 vellet,
1040 2128 1134 2152 num
1170 2114 1287 2153 etiam
1316 2113 1530 2153 recentium
1552 2126 1593 2156 30

206 2178 443 2225 iniuriarum,
476 2180 585 2230 quod
619 2192 667 2218 eo
707 2179 829 2218 invito
867 2179 938 2218 iter
976 2193 1043 2229 per
1077 2179 1317 2229 provinciam
1351 2192 1419 2229 per
1451 2178 1529 2216 vim

206 2250 472 2293 temptassent,
512 2244 622 2293 quod
660 2245 834 2290 Aeduos,
871 2245 980 2294 quod
1019 2245 1242 2291 Ambarros,
1279 2245 1387 2294 quod
1426 2246 1531 2283 Allo-

253 2358 291 2377 10
324 2352 394 2387 pos!
419 2348 487 2386 egit
517 2347 590 2377 add.
622 2348 736 2386 Legati
765 2348 806 2378 ab
832 2348 997 2379 Helvetiis
1023 2350 1064 2379 ad
1088 2349 1267 2379 Caesarem
1293 2347 1386 2379 missi
1413 2358 1528 2387 pacem

206 2391 356 2429 petitum.
403 2391 487 2420 Cum
505 2391 760 2421 denuntiatione
779 2392 916 2422 terroris
931 2390 1051 2421 A‘RU
