1768 2739
650 153 693 191 C.
729 153 845 190 IVLI
878 152 1147 191 CAESARIS

177 282 209 304 11
235 278 352 304 causa
368 264 513 304 cotidie
533 264 701 304 exerceri
722 264 895 315 putatis?
951 264 990 303 Si
1011 264 1164 303 illorum
1181 264 1327 303 nuntiis
1344 264 1563 304 confirmari

234 344 315 368 non
353 330 516 381 potestis
555 330 664 368 omni
695 330 803 369 aditu
842 337 1082 380 praesaepto,
1118 329 1176 367 his
1206 329 1360 367 utimini
1398 329 1563 368 testibus

232 395 546 445 appropinquare
573 408 709 433 eorum
735 396 949 433 adventum
973 410 982 442 3
1012 394 1121 432 cuius
1149 394 1202 433 rei
1226 394 1365 432 timore
1395 394 1562 432 exterriti

173 468 209 490 12
233 459 338 497 diem
384 467 622 509 noctemque
665 459 704 497 in
752 473 870 509 opere
911 467 1119 498 versantur.
1199 459 1308 507 Quid
1351 472 1442 509 ergo
1484 459 1562 498 mei

231 524 369 562 consili
399 526 486 562 est?
544 526 699 571 Facere,
725 526 834 574 quod
864 525 985 563 nostri
1010 524 1175 563 maiores
1202 537 1452 574 nequaquam
1479 523 1561 574 pari
1581 531 1597 562 5

231 590 336 627 bello
375 589 626 628 Cimbrorum
666 591 974 638 Teutonumque
1013 591 1212 637 fecerunt,
1250 589 1317 639 qui
1346 589 1386 626 in
1415 588 1562 639 oppida

231 654 425 705 compulsi
463 667 509 692 ac
543 654 659 692 simili
698 654 831 704 inopia
869 654 1021 692 subacti
1061 668 1195 693 eorum
1226 654 1454 705 corporibus
1493 654 1561 704 qui

230 727 357 758 aetate
396 721 447 758 ad
488 720 635 758 bellum
675 719 831 758 inutiles
870 719 1103 758 videbantur
1141 720 1260 758 vitam
1300 721 1561 758 toleraverunt

174 800 210 829 13
230 798 359 834 neque
379 798 420 822 se
441 784 620 822 hostibus
642 783 895 822 tradiderunt.
956 784 1079 823 Cuius
1106 784 1159 823 rei
1180 785 1211 823 si
1235 786 1457 834 exemplum
1479 797 1560 822 non

230 850 475 896 haberemus,
499 857 631 888 tamen
662 848 849 888 libertatis
874 862 991 888 causa
1017 849 1164 888 institui
1194 857 1232 888 et
1256 849 1420 900 posteris
1447 848 1560 899 prodi
1583 859 1621 882 10

170 931 207 963 14
229 914 534 964 pulcherrimum
563 914 786 952 iudicarem.
848 916 952 952 Nam
974 914 1070 964 quid
1094 914 1147 952 illi
1173 913 1299 952 simile
1326 914 1431 952 bello
1457 913 1561 952 fuit?

230 980 482 1029 Depopulata
507 978 634 1017 Gallia
661 978 811 1018 Cimbri
840 992 1060 1029 magnaque
1085 979 1204 1017 inlata
1231 978 1451 1017 calamitate
1478 978 1560 1016 fini-

229 1044 302 1081 bus
323 1043 484 1093 quidem
510 1043 650 1082 nostris
671 1043 885 1093 aliquando
912 1052 1160 1082 excesserunt
1179 1051 1298 1094 atque
1326 1043 1419 1081 alias
1440 1051 1559 1082 terras

228 1108 421 1158 petierunt
437 1123 447 1155 ,·
489 1107 580 1155 iura,
614 1110 730 1158 leges,
758 1122 882 1158 agros,
914 1108 1133 1147 libertatem
1161 1108 1275 1147 nobis
1307 1108 1554 1158 reliquerunt.

171 1187 204 1217 ¹5
229 1172 401 1210 Romani
422 1186 513 1211 vero
535 1173 631 1223 quid
652 1181 791 1223 petunt
811 1173 918 1212 aliud
943 1181 1009 1212 aut
1031 1173 1126 1223 quid
1147 1175 1295 1220 volunt,
1318 1173 1391 1211 nisi
1412 1172 1557 1211 invidia
1579 1183 1615 1213 15

227 1237 399 1284 adducti,
431 1251 531 1287 quos
555 1240 658 1276 fama
687 1238 831 1276 nobilis
860 1238 1112 1288 potentisque
1142 1239 1246 1276 bello
1276 1246 1554 1288 cognoverunt,

227 1303 367 1340 horum
395 1302 433 1340 in
461 1302 559 1352 agris
587 1303 889 1353 civitatibusque
917 1302 1121 1341 considere
1141 1310 1260 1352 atque
1280 1302 1340 1340 his
1360 1310 1557 1341 aeternam

227 1367 428 1416 iniungere
463 1367 722 1406 servitutem?
793 1370 935 1418 Neque
970 1368 1075 1406 enim
1111 1369 1189 1406 ulla
1217 1367 1292 1405 alia
1322 1367 1557 1405 condicione

168 1441 205 1471 16
227 1432 329 1469 bella
355 1440 567 1480 gesserunt.
630 1434 751 1481 Quod
779 1432 809 1470 si
835 1446 880 1470 ea
904 1446 1005 1482 quae
1027 1432 1065 1469 in
1087 1431 1310 1481 longinquis
1331 1431 1557 1470 nationibus

226 1504 411 1545 geruntur
450 1496 647 1546 ignoratis,
689 1496 868 1546 respicite
908 1496 1113 1535 finitimam
1154 1496 1332 1543 Galliam,
1374 1510 1475 1546 quae
1517 1497 1556 1534 in
1578 1512 1617 1533 20

228 1560 468 1610 provinciam
501 1561 668 1606 redacta,
702 1561 782 1598 iure
813 1568 849 1599 et
880 1561 1030 1611 legibus
1061 1562 1322 1608 commutatis,
1356 1561 1556 1600 securibus

225 1625 400 1663 subiecta
421 1633 608 1676 perpetua
629 1626 815 1675 premitur
835 1627 1043 1666 servitute.'

153 1694 203 1741 78
279 1690 490 1728 Sententiis
507 1690 622 1728 dictis
643 1690 888 1730 constituunt
909 1699 950 1730 ut
971 1692 1005 1730 ei
1023 1693 1090 1743 qui
1107 1695 1331 1734 valetudine
1347 1703 1413 1734 aut
1429 1703 1556 1735 aetate

225 1754 380 1792 inutiles
408 1763 497 1793 sunt
528 1755 632 1793 bello
662 1755 811 1805 oppido
841 1758 1032 1795 excedant
1059 1766 1177 1809 atque
1205 1759 1337 1798 onmia
1361 1760 1466 1810 prius
1496 1774 1556 1799 ex-

187 1837 201 1858 2
225 1819 422 1868 periantur
451 1833 569 1870 quam
597 1822 647 1859 ad
673 1821 889 1871 Critognati
918 1824 1151 1862 sententiam
1178 1827 1448 1864 descendant:
1489 1826 1555 1864 illo
1577 1837 1612 1870 25

224 1892 354 1922 tamen
376 1892 553 1934 tempore
580 1886 710 1935 potius
738 1888 928 1926 utendum
957 1889 1134 1936 consilio,
1159 1890 1190 1928 si
1217 1904 1276 1929 res
1304 1899 1416 1941 cogat
1436 1899 1554 1941 atque

222 1952 363 1990 auxilia
384 1961 594 2000 morentur,
619 1967 737 2003 quam
758 1962 824 1992 aut
845 1955 1058 1994 deditionis
1084 1964 1151 1995 aut
1179 1957 1284 2007 pacis
1306 1958 1551 1996 subeundam

185 2030 201 2059 3
223 2017 510 2056 condicionem.
573 2019 794 2066 Mandubii,
824 2020 891 2070 qui
922 2035 989 2059 eos
1020 2022 1169 2071 oppido
1199 2030 1436 2072 receperant,
1463 2036 1551 2060 cum

181 2098 201 2126 4
221 2081 351 2120 liberis
382 2090 500 2132 atque
531 2083 716 2122 uxoribus
747 2084 849 2123 exire
879 2094 1081 2136 coguntur.
1144 2087 1200 2124 Hi
1229 2101 1319 2125 cum
1349 2089 1399 2126 ad
1430 2087 1554 2126 muni-

219 2145 345 2184 tiones
379 2148 652 2186 Romanorum
686 2149 954 2197 accessissent,
987 2153 1125 2189 fientes
1154 2152 1339 2190 omnibus
1371 2152 1552 2202 precibus
1573 2159 1611 2189 30

183 2226 198 2256 5
219 2211 382 2249 orabant
398 2220 441 2250 ut
457 2227 497 2252 se
515 2214 553 2252 in
573 2215 798 2254 servitutem
815 2224 992 2266 receptos
1009 2216 1099 2255 cibo
1116 2217 1300 2255 iuvarent.
1342 2219 1394 2255 At
1409 2218 1552 2256 Caesar

219 2275 417 2324 dispositis
439 2277 477 2315 in
501 2280 603 2317 vallo
625 2280 814 2318 custodiis
836 2280 954 2330 recipi
976 2280 1220 2330 prohibebat.

262 2385 300 2411 24
325 2375 393 2407 sint
411 2378 433 2410 Β
569 2386 610 2415 25
635 2378 677 2408 ad
696 2378 885 2417 Critognati
904 2380 1107 2410 sententiam
1126 2380 1333 2410 descendant
1350 2379 1481 2410 Aldus:
1507 2380 1548 2410 ab

218 2417 414 2455 veritognati
436 2421 608 2450 sententia
625 2421 801 2451 discedant
820 2423 1011 2453 *descidant
1029 2424 1064 2456 B}
1084 2421 1121 2451 X
1216 2424 1257 2452 26
1274 2429 1427 2462 tempore
1443 2434 1506 2454 om,
1525 2425 1548 2456 β

218 2469 259 2496 32
285 2462 446 2491 custodiis
465 2464 506 2495 B:
534 2464 732 2493 custodibus
749 2476 766 2493 a
