1706 2729
452 138 524 174 DE
557 135 735 173 BELLO
767 133 1011 171 GALLICO
1043 134 1144 170 LIB.
1180 133 1197 169 Ι

158 248 296 299 brogas
326 253 538 292 vexassent,
571 244 798 283 memoriam
829 245 1027 293 deponere
1056 245 1200 294 posse?
1257 243 1378 292 Quod
1408 256 1478 281 sua
1500 256 1519 286 4

155 313 316 352 victoria
348 320 426 350 tam
461 311 672 349 insolenter
705 309 968 359 gloriarentur,
1005 310 1192 358 quodque
1223 315 1301 346 tam
1336 307 1403 346 diu
1436 321 1477 345 se

155 377 315 427 impune
363 375 518 413 iniurias
565 374 699 412 tulisse
745 372 1038 419 admirarentur,
1082 373 1223 410 eodem
1272 371 1473 421 pertinere.

155 442 377 480 Consuesse
406 439 511 477 enim
541 440 636 477 deos
666 437 906 483 immortalis,
934 450 1014 486 quo
1040 435 1191 486 gravius
1221 435 1401 474 homines
1432 449 1477 472 ex
1503 445 1519 476 5

118 504 462 550 5commutatione
509 517 636 542 rerum
684 504 854 548 doleant,
895 515 994 551 quos
1041 514 1111 551 pro
1158 502 1303 539 scelere
1341 513 1476 538 eorum

153 568 288 608 ulcisci
308 568 438 615 velint,
461 567 516 605 eis
543 566 795 606 secundiores
822 566 1018 604 interdum
1046 578 1105 603 res
1133 571 1171 602 et
1191 563 1475 602 diuturniorem

153 633 427 683 impunitatem
447 633 675 671 concedere.
727 632 829 670 Cum
851 644 896 669 ea
916 630 969 668 ita
989 630 1076 676 sint,
1099 637 1242 676 tamen,
1265 628 1297 667 si
1317 627 1476 667 obsides
1502 634 1520 664 6

151 698 202 736 ab
232 697 287 736 eis
316 697 390 736 sibi
420 698 572 744 dentur,
598 696 654 734 uti
684 709 729 734 ea
753 709 853 745 quae
882 695 1140 744 polliceantur
1168 695 1338 732 facturos
1367 692 1476 731 intel-

151 763 262 811 legat,
294 769 332 800 et
361 761 392 800 si
422 761 570 800 Aeduis
600 763 650 799 de
680 760 826 798 iniuriis
858 773 953 809 quas
983 759 1076 808 ipsis
1115 758 1310 808 sociisque
1339 771 1474 796 eorum

95 838 132 859 10
151 825 361 873 intulerint,
397 826 491 864 item
526 826 557 864 si
592 824 870 875 Allobrogibus
900 824 1148 870 satisfaciant,
1185 837 1269 861 sese
1299 836 1389 861 cum
1418 822 1473 861 eis

151 903 288 940 pacem
327 904 412 928 esse
450 892 653 928 facturum.
732 888 873 927 Divico
906 888 1131 938 respondit:
1180 887 1233 925 ita
1268 886 1474 925 Helvetios
1500 896 1516 929 7

149 968 173 992 a
202 954 412 993 maioribus
455 954 533 993 suis
563 953 760 992 institutos
790 967 874 992 esse
900 952 956 991 uti
986 952 1145 991 obsides
1174 951 1362 1001 accipere,
1394 965 1473 990 non

150 1019 253 1064 dare,
276 1018 525 1057 consuerint:
556 1018 638 1056 eius
663 1018 714 1056 rei
742 1019 933 1067 populum
958 1018 1187 1056 Romanum
1211 1029 1296 1054 esse
1319 1022 1470 1054 testem.

152 1083 245 1119 Hoc
266 1095 452 1131 responso
473 1083 566 1121 dato
587 1081 773 1120 discessit.

94 1159 130 1190 15
206 1148 366 1184 Postero
387 1146 451 1184 die
471 1153 595 1184 castra
615 1160 660 1184 ex
681 1159 728 1184 eo
748 1147 837 1184 loco
857 1153 1026 1184 movent.
1074 1146 1187 1184 Idem
1208 1144 1299 1182 facit
1316 1145 1470 1190 Caesar,
1496 1149 1538 1187 15

151 1209 446 1260 equitatumque
498 1224 656 1249 omnem
714 1211 764 1248 ad
816 1224 1021 1248 numerum
1077 1217 1260 1259 quattuor
1308 1208 1470 1255 milium,

149 1286 267 1322 quern
305 1287 351 1311 ex
388 1274 495 1311 omni
534 1274 732 1323 provincia
765 1281 803 1311 et
841 1274 991 1312 Aeduis
1028 1280 1146 1323 atque
1184 1286 1319 1311 eorum
1359 1272 1474 1311 sociis

149 1344 329 1375 coactum
368 1338 549 1385 habebat,
585 1338 808 1387 praemittit,
850 1337 917 1387 qui
953 1337 1111 1376 videant
1145 1351 1242 1387 quas
1281 1337 1320 1374 in
1356 1336 1474 1386 partis

149 1402 280 1439 hostes
319 1400 389 1440 iter
430 1401 582 1440 faciant.
661 1402 752 1450 Qui,
799 1401 980 1451 cupidius
1028 1401 1283 1440 novissimum
1332 1414 1472 1450 agmen
1499 1412 1514 1433 2

90 1481 130 1502 20
148 1463 323 1511 insecuti,
354 1465 483 1504 alieno
517 1467 605 1504 loco
639 1479 729 1504 cum
764 1465 939 1515 equitatu
972 1465 1472 1515 Helvetiorumproelium

147 1529 424 1577 committunt3
471 1537 508 1568 et
542 1530 656 1579 pauci
690 1531 740 1568 de
779 1530 919 1568 nostris
957 1531 1114 1568 cadunt.
1192 1531 1285 1578 Quo
1324 1529 1510 1579 proeli03

147 1593 289 1631 sublati
330 1594 514 1641 Helvetii,
550 1595 659 1644 quod
698 1594 920 1644 quingentis
961 1595 1156 1645 equitibus
1191 1602 1339 1632 tantam
1380 1596 1475 1633 mul-

148 1657 355 1696 titudinem
394 1658 570 1708 equitum
608 1660 869 1708 propulerant,
911 1658 1098 1697 audacius
1142 1658 1351 1697 subsistere
1394 1673 1472 1697 non

147 1735 361 1771 numquam
402 1730 439 1760 et
473 1722 687 1761 novissimo
724 1723 878 1773 agmine
913 1723 1062 1772 proelio
1098 1730 1251 1761 nostros
1286 1725 1474 1762 lacessere

88 1804 126 1835 ²5
147 1794 370 1835 coeperunt.
449 1788 592 1827 Caesar
630 1801 721 1826 suos
759 1801 782 1825 a
823 1788 972 1837 proelio
1016 1787 1254 1835 continebat,
1295 1802 1340 1825 ac
1383 1788 1513 1827 satis4

146 1850 316 1889 habebat
342 1851 381 1889 in
406 1852 624 1901 praesentia
648 1853 801 1890 hostem
834 1852 976 1902 rapinis
1011 1852 1328 1902 pabulationibus
1353 1866 1473 1902 popu-

146 1914 435 1965 lationibusque
468 1916 685 1965 prohibere.
747 1918 807 1954 Ita
838 1916 921 1955 dies
957 1916 1107 1955 circiter
1141 1916 1367 1967 quindecim
1403 1917 1508 1962 iter5

146 1979 320 2017 fecerunt
349 1979 405 2017 uti
435 1979 533 2018 inter
562 1980 818 2019 novissimum
848 1980 1020 2019 hostium
1056 1994 1195 2031 agmen
1227 1988 1264 2019 et
1294 1988 1469 2019 nostrum

146 2041 314 2091 primum
353 2057 433 2081 non
471 2044 638 2094 amplius
677 2044 806 2094 quinis
844 2052 910 2083 aut
949 2045 1051 2083 senis
1092 2045 1248 2083 milibus
1284 2058 1468 2094 passuum

87 2121 126 2151 30
145 2105 355 2146 interesset.

198 2171 360 2209 Interim
391 2171 535 2211 cotidie
566 2173 709 2212 Caesar
738 2174 900 2212 Aeduos
930 2175 1167 2212 frumentum
1199 2174 1307 2223 quod
1338 2180 1467 2211 essent
1487 2171 1533 2208 16

142 2234 300 2284 publice
344 2235 506 2284 polliciti
545 2237 724 2286 flagitare.
807 2240 909 2276 Nam
962 2246 1118 2288 propter
1160 2237 1309 2288 frigora,
1359 2239 1467 2288 quod
1490 2251 1504 2270 2

143 2298 271 2337 Gallia
299 2300 373 2337 sub
402 2300 743 2349 septentrionibus,
775 2308 816 2339 ut
845 2309 935 2340 ante
965 2302 1113 2340 dictum
1144 2310 1212 2349 est,
1238 2302 1366 2352 posita
1397 2310 1464 2348 est,

143 2376 223 2401 non
262 2364 383 2402 modo
421 2365 615 2402 frumenta
652 2363 691 2402 in
725 2365 824 2415 agris
858 2373 1008 2404 matura
1041 2378 1121 2405 non
1156 2374 1274 2413 erant,
1312 2368 1381 2405 sed
1417 2381 1466 2404 ne
