1768 2739
697 144 742 182 C.
776 143 892 181 IVLI
924 143 1194 181 CAESARIS

277 252 533 303 pluribusque
559 252 643 292 aliis
667 252 879 292 interfectis
904 252 1002 292 intra
1032 253 1179 303 oppida
1207 267 1252 293 ac
1280 267 1411 293 muros
1438 256 1607 306 compel-

243 322 260 352 3
278 319 419 356 luntur.
478 318 712 369 Allobroges
736 318 880 357 crebris
900 319 951 357 ad
973 319 1216 357 Rhodanum
1243 318 1441 368 dispositis
1469 319 1608 370 praesi-

238 393 258 423 4
279 382 352 421 diis
375 397 516 433 magna
536 397 627 422 cum
648 397 740 422 cura
761 391 798 422 et
814 383 1015 433 diligentia
1028 397 1118 422 suos
1135 383 1222 422 finis
1240 391 1407 422 tuentur.
1451 385 1606 430 Caesar,

278 449 388 497 quod
416 448 539 486 hostis
569 449 745 499 equitatu
777 448 995 499 superiores
1027 462 1111 487 esse
1142 448 1394 499 intellegebat
1425 456 1463 487 et
1496 448 1608 487 inter-

277 512 393 551 clusis
420 513 606 552 omnibus
632 513 835 552 itineribus
863 515 969 552 nulla
993 528 1033 552 re
1060 528 1106 552 ex
1130 514 1330 564 provincia
1355 522 1474 564 atque
1496 513 1609 552 Italia
1629 525 1646 556 5

276 578 469 616 sublevari
489 586 651 627 poterat,
675 586 779 617 trans
798 580 984 617 Rhenum
1006 578 1044 617 in
1060 579 1311 617 Germaniam
1335 578 1452 617 mittit
1472 580 1523 617 ad
1544 592 1608 617 eas

275 642 450 681 civitates
472 656 568 693 quas
589 643 854 693 superioribus
874 642 986 681 annis
1007 652 1211 694 pacaverat
1232 643 1462 694 equitesque
1482 644 1532 682 ab
1549 642 1608 681 his

275 707 434 746 arcessit
464 715 503 746 et
531 707 626 746 levis
655 716 873 746 armaturae
903 707 1064 758 pedites,
1098 708 1165 758 qui
1196 707 1296 746 inter
1329 721 1396 746 eos
1430 707 1607 758 proeliari

238 788 256 819 5
276 780 523 811 consuerant.
585 774 733 811 Eorum
767 774 951 820 adventu,
992 774 1100 822 quod
1140 772 1268 811 minus
1307 772 1459 811 idoneis
1498 772 1608 822 equis

276 839 497 885 utebantur,
520 852 543 876 a
570 838 734 876 tribunis
763 838 930 876 militum
956 837 1193 888 reliquisque
1216 836 1301 890 [sed
1329 836 1382 890 et]
1411 836 1608 887 equitibus
1631 853 1669 874 10

280 903 471 942 Romanis
491 911 609 954 atque
630 903 800 942 evocatis
822 917 944 954 equos
965 902 1083 941 sumit
1097 902 1384 952 Germanisque
1400 901 1605 941 distribuit.

204 975 262 1013 66
336 971 501 1016 Interea,
531 970 627 1007 dum
652 970 749 1007 haec
773 976 968 1019 geruntur,
992 968 1165 1006 hostium
1192 968 1329 1018 copiae
1356 981 1403 1006 ex
1426 966 1609 1020 Arvernis

278 1033 510 1084 equitesque
558 1033 625 1084 qui
673 1033 743 1072 toti
783 1033 933 1072 Galliae
978 1040 1087 1071 erant
1133 1032 1312 1083 imperati
1357 1031 1605 1070 conveniunt.

241 1112 255 1133 2
278 1101 428 1149 Magno
448 1101 589 1138 horum
617 1106 756 1138 coacto
781 1112 956 1146 numero,
979 1111 1070 1136 cum
1092 1099 1236 1138 Caesar
1257 1097 1296 1135 in
1317 1099 1521 1147 Sequanos
1541 1109 1610 1146 per

276 1172 469 1203 extremos
491 1163 716 1214 Lingonum
738 1163 825 1202 finis
849 1163 921 1202 iter
947 1164 1091 1202 faceret
1117 1176 1197 1213 quo
1217 1161 1367 1200 facilius
1388 1160 1608 1200 subsidium
1630 1178 1667 1210 15

275 1229 498 1280 provinciae
520 1228 606 1267 ferri
628 1236 771 1279 posset,
795 1227 946 1267 circiter
967 1227 1071 1266 milia
1093 1240 1279 1279 passuum
1301 1238 1329 1264 X
1349 1226 1399 1264 ab
1417 1225 1609 1264 Romanis

239 1306 257 1337 3
276 1293 384 1332 trinis
405 1293 538 1332 castris
559 1292 854 1343 Vercingetorix
882 1292 1086 1340 consedit3
1116 1290 1423 1341 convocatisque
1448 1291 1499 1329 ad
1520 1303 1610 1329 con-

275 1358 408 1397 cilium
433 1357 637 1409 praefectis
668 1358 845 1408 equitum
871 1357 1023 1396 venisse
1051 1364 1207 1407 tempus
1234 1355 1419 1394 victoriae
1448 1356 1610 1394 demon-

275 1431 391 1461 strat:
431 1425 562 1473 fugere
592 1422 632 1460 in
662 1422 902 1472 provinciam
931 1424 1136 1460 Romanos
1158 1421 1365 1471 Galliaque
1395 1421 1608 1459 excedere:

237 1504 257 1535 4
275 1488 316 1527 id
337 1487 411 1526 sibi
437 1489 487 1526 ad
508 1494 753 1537 praesentem
779 1486 1037 1525 obtinendam
1063 1486 1282 1524 libertatem
1310 1484 1402 1523 satis
1428 1498 1525 1532 esse,
1557 1485 1609 1524 ad
1629 1500 1670 1522 20

275 1551 412 1602 reliqui
434 1551 619 1602 temporis
641 1565 780 1602 pacem
806 1559 924 1601 atque
951 1550 1076 1589 otium
1097 1564 1234 1601 parum
1255 1549 1416 1601 profici:
1459 1548 1609 1587 maiori-

274 1619 348 1656 bus
380 1616 485 1655 enim
520 1616 665 1655 coactis
698 1616 821 1666 copiis
856 1629 1076 1654 reversuros
1116 1629 1245 1665 neque
1283 1616 1403 1653 finem
1435 1613 1609 1653 bellandi

238 1695 255 1725 5
276 1684 454 1720 facturos.
506 1680 677 1719 Proinde
704 1680 861 1730 agmine
887 1680 1099 1730 impeditos
1126 1679 1374 1718 adoriantur:
1405 1678 1436 1717 si
1456 1678 1609 1730 pedites

275 1747 353 1785 suis
380 1746 567 1785 auxilium
594 1747 718 1784 ferant
747 1753 865 1795 atque
895 1744 935 1782 in
965 1759 1012 1784 eo
1043 1752 1252 1791 morentur,
1276 1744 1347 1783 iter
1374 1745 1500 1782 facere
1527 1757 1608 1782 non

274 1825 390 1862 posse
406 1826 414 1859 3
444 1810 486 1858 si,
509 1810 551 1849 id
576 1811 684 1860 quod
712 1810 834 1860 magis
862 1812 1035 1848 futurum
1065 1811 1250 1857 confidat,
1277 1809 1418 1848 relictis
1446 1808 1608 1859 impedi·
1629 1824 1667 1855 25

276 1875 417 1915 mentis
439 1889 531 1913 suae
553 1875 666 1913 saluti
687 1877 904 1922 consulant,
929 1882 967 1913 et
994 1888 1066 1913 usu
1094 1889 1221 1914 rerum
1244 1873 1548 1913 necessariarum
1570 1880 1608 1911 et

238 1940 464 1991 6dignitate
496 1940 706 1990 spoliatum
736 1939 790 1977 iri.
852 1942 955 1978 Nam
990 1941 1040 1978 de
1076 1939 1273 1990 equitibus
1308 1938 1480 1977 hostium
1512 1937 1607 1988 quin

275 2018 394 2043 nemo
418 2018 553 2043 eorum
578 2004 758 2055 progredi
784 2006 905 2043 modo
932 2012 1037 2043 extra
1066 2018 1206 2054 agmen
1231 2004 1375 2041 audeat
1403 2000 1474 2054 [et]
1502 2001 1607 2052 ipsos

275 2068 436 2119 quidem
464 2083 545 2108 non
562 2070 707 2108 debere
728 2069 931 2108 dubitare:
962 2068 1002 2107 id
1024 2083 1103 2119 quo
1124 2068 1270 2107 maiore
1297 2067 1441 2106 faciant
1461 2066 1603 2112 animo,

275 2133 407 2184 copias
439 2148 481 2172 se
512 2134 640 2172 omnis
670 2148 740 2184 pro
770 2133 903 2172 castris
933 2133 1158 2172 habiturum
1190 2140 1229 2171 et
1260 2131 1394 2171 terrori
1427 2130 1607 2169 hostibus
1628 2145 1668 2174 50

239 2200 458 2243 7futurum.
528 2200 791 2238 Conclamant
831 2198 994 2249 equites,
1036 2197 1283 2236 sanctissimo
1321 2196 1404 2234 iure
1441 2195 1607 2233 iurando

311 2312 330 2340 3
354 2312 428 2332 cum
446 2312 511 2334 om.
530 2302 576 2332 A‘
591 2302 715 2333 Meusel
784 2312 822 2333 10
838 2302 899 2333 sed
917 2306 949 2332 et
966 2301 1022 2332 dcl.
1037 2300 1215 2342 Nipperdey
1304 2309 1344 2339 23
1361 2299 1560 2330 adoriantur
1575 2297 1608 2328 R

275 2356 373 2375 corta:
400 2347 597 2377 adorientur
610 2346 710 2377 MB':
736 2346 951 2376 adorirentur
963 2345 1023 2379 AB
1171 2353 1211 2382 25
1237 2343 1428 2374 confidebat
1451 2345 1474 2378 β
1565 2342 1607 2371 28

276 2393 310 2419 ct
328 2389 418 2429 ipsos
436 2390 570 2429 quidem
590 2400 657 2421 non
674 2402 693 2420 α
709 2401 714 2419 ;
741 2400 784 2420 ne
802 2390 894 2429 ipsos
910 2389 1044 2428 quidem
1062 2390 1084 2422 β
1101 2399 1107 2419 :
1132 2392 1165 2418 et
1183 2387 1239 2419 del.
1264 2385 1382 2417 Wlu'tte
