1768 2739
643 152 685 190 C.
721 152 836 189 IVLI
869 150 1138 189 CAESARIS

182 273 205 312 7
281 267 387 302 Dum
423 265 520 302 haec
550 277 573 301 a
603 264 771 302 Caesare
804 269 999 311 geruntur,
1033 259 1191 299 Treveri
1222 259 1372 309 magnis
1404 259 1551 298 coactis

225 329 420 379 peditatus
451 328 726 379 equitatusque
755 327 878 377 copiis
910 326 1129 365 Labienum
1157 339 1247 363 cum
1276 339 1354 363 una
1385 324 1551 374 legione,

188 414 202 433 2
225 408 326 444 quae
347 394 386 432 in
408 408 543 432 eorum
565 393 708 432 finibus
733 392 983 439 hiemaverat,
1005 390 1148 430 adoriri
1170 391 1371 441 parabant,
1394 390 1551 440 iamque

224 460 274 497 ab
309 473 356 498 eo
391 473 471 498 non
510 458 664 509 longius
698 458 810 497 bidui
844 457 905 496 via
937 458 1111 503 aberant,
1146 469 1237 494 cum
1269 457 1366 494 duas
1398 455 1551 494 venisse

187 523 396 574 3>legiones
445 523 565 562 missu
614 522 791 562 Caesaris
840 529 1095 572 cognoscunt.
1167 519 1308 559 Positis
1347 519 1481 558 castris
1529 533 1552 558 a

224 588 382 628 milibus
412 602 599 639 passuum
630 587 859 638 quindecim
897 586 1039 625 auxilia
1069 588 1357 625 Germanorum
1395 599 1551 635 exspec-

185 661 303 696 4tare
351 653 605 691 constituunt.
684 651 894 698 Labienus,
945 650 1116 689 hostium
1165 650 1324 700 cognito
1372 649 1547 696 consilio,

145 707 151 711 i
222 732 382 768 sperans
422 718 639 757 temeritate
669 731 805 756 eorum
835 718 917 755 fore
946 715 1117 766 aliquam
1148 715 1362 754 dimicandi
1394 716 1551 753 faculta-

222 790 312 829 tem,
336 782 530 833 praesidio
551 782 727 833 quinque
747 780 968 820 cohortium
990 779 1282 830 impedimentis
1305 779 1439 818 relicto
1460 794 1549 818 cum

221 859 308 884 xxv
332 846 560 885 cohortibus
590 859 812 896 magnoque
833 845 1008 895 equitatu
1036 852 1171 883 contra
1198 845 1353 882 hostem
1382 844 1551 894 proficis-

222 912 320 950 citur
340 919 379 950 et
406 912 510 950 mille
538 925 723 962 passuum
754 910 976 949 intermisso
1007 909 1133 960 spatio
1164 916 1289 947 castra
1318 909 1547 947 communit.

183 987 200 1017 5
223 978 315 1014 Erat
345 976 444 1015 inter
474 976 695 1015 Labienum
725 983 843 1025 atque
873 976 1028 1013 hostem
1053 972 1200 1013 difficili
1222 973 1384 1012 transitu
1405 975 1552 1012 flumen

221 1041 393 1092 ripisque
424 1041 650 1092 praeruptis.
727 1042 820 1079 Hoc
850 1054 979 1090 neque
1006 1039 1089 1089 ipse
1120 1038 1280 1077 transire
1310 1039 1481 1078 habebat
1512 1039 1550 1077 in

182 1106 353 1145 6animo
394 1120 523 1156 neque
564 1105 687 1144 hostis
729 1104 956 1143 transituros
992 1104 1248 1142 existimabat.
1322 1104 1550 1154 Augebatur

220 1170 450 1210 auxiliorum
493 1170 638 1210 cotidie
678 1184 776 1220 spes.
856 1168 1048 1220 Loquitur
1095 1169 1134 1207 in
1183 1168 1348 1208 consilio
1395 1171 1547 1218 palam:

221 1236 409 1286 quoniam
457 1235 645 1275 Germani
705 1234 1020 1286 appropinquare
1077 1234 1266 1281 dicantur,
1318 1247 1403 1272 sese
1460 1247 1549 1272 suas

220 1301 491 1351 exercitusque
540 1303 713 1340 fortunas
762 1300 801 1338 in
849 1300 1014 1338 dubium
1055 1312 1135 1337 non
1186 1301 1467 1337 devocaturum
1513 1307 1551 1336 et

184 1377 200 1410 7
220 1373 377 1415 postero
407 1366 471 1404 die
501 1366 625 1416 prima
646 1367 732 1403 luce
762 1371 886 1403 castra
907 1371 1115 1402 moturum.
1176 1363 1363 1403 Celeriter
1382 1365 1480 1402 haec
1500 1365 1551 1402 ad

220 1430 343 1469 hostis
373 1431 610 1476 deferuntur,
635 1437 675 1468 ut
696 1444 742 1468 ex
773 1442 915 1479 magno
946 1430 1148 1467 Gallorum
1179 1428 1356 1478 equitum
1386 1442 1550 1466 numero

220 1508 300 1533 non
339 1497 467 1534 nullos
506 1496 640 1534 Gallos
681 1494 840 1533 Gallicis
879 1494 994 1531 rebus
1034 1494 1161 1532 favere
1200 1501 1337 1531 natura
1370 1494 1544 1543 cogebat.

182 1560 419 1599 SLabienus
467 1567 587 1598 noctu
636 1558 801 1598 tribunis
850 1558 1017 1596 militum
1070 1557 1284 1608 primisque
1345 1557 1548 1596 ordinibus

220 1625 444 1664 convocatis
475 1625 571 1675 quid
601 1624 660 1663 sui
700 1625 748 1663 sit
783 1623 921 1662 consili
965 1623 1149 1673 proponit
1190 1630 1238 1670 et,
1281 1636 1362 1672 quo
1398 1622 1548 1661 facilius

219 1690 398 1729 hostibus
447 1690 596 1729 timoris
644 1691 712 1729 det
759 1689 1037 1740 suspicionem,
1090 1689 1235 1727 maiore
1293 1688 1455 1738 strepitu
1512 1695 1550 1726 et

219 1757 389 1794 tumultu
437 1769 555 1805 quam
604 1754 741 1806 populi
785 1754 957 1793 Romani
1009 1755 1081 1792 fert
1130 1754 1377 1792 consuetudo
1425 1761 1550 1791 castra

219 1820 366 1859 moveri
413 1820 532 1859 iubet.
611 1820 688 1859 His
728 1820 843 1859 rebus
888 1821 1001 1870 fugae
1049 1819 1216 1858 similem
1264 1818 1548 1869 profectionem

180 1899 198 1929 9
219 1886 355 1924 effecit.
428 1888 542 1925 Haec
567 1899 726 1936 quoque
748 1899 816 1936 per
837 1887 1099 1935 exploratores
1119 1892 1210 1922 ante
1230 1885 1360 1922 lucem
1381 1883 1421 1921 in
1442 1891 1549 1922 tanta

217 1950 509 2001 propinquitate
541 1958 755 1989 castrorum
786 1951 837 1989 ad
868 1949 991 1988 hostis
1022 1951 1258 1988 deferuntur.

174 2019 199 2055 8
271 2015 347 2052 Vix
385 2029 525 2066 agmen
569 2014 826 2054 novissimum
868 2022 973 2053 extra
1014 2014 1252 2052 munitiones
1292 2020 1545 2064 processerat,

217 2093 308 2117 cum
348 2080 461 2127 Galli,
503 2079 695 2118 cohortati
740 2079 839 2117 inter
876 2092 917 2117 se
956 2093 1005 2117 ne
1043 2086 1237 2129 speratam
1275 2080 1462 2129 praedam
1500 2091 1546 2116 ex

1571 535 1588 565 5

1574 858 1613 880 10

1570 1182 1605 1213 15

1572 1507 1611 1529 20

1570 1833 1606 1864 25

219 2144 401 2183 manibus
443 2145 924 2194 dimitterent—longum
969 2158 1054 2183 esse
1101 2143 1310 2194 perterritis
1352 2142 1544 2181 Romanis
1564 2157 1604 2187 30

219 2211 506 2249 Germanorum
535 2210 722 2249 auxilium
761 2218 985 2260 exspectare
1000 2224 1011 2258 3
1058 2223 1187 2260 neque
1217 2223 1327 2248 suam
1356 2208 1437 2258 pati
1466 2208 1545 2257 dig-

218 2274 380 2313 nitatem
413 2282 453 2313 ut
482 2275 598 2313 tantis
629 2275 752 2325 copiis
788 2282 868 2313 tam
902 2274 1081 2324 exiguam
1113 2288 1285 2321 manum,
1317 2273 1543 2324 praesertim

218 2339 430 2388 fugientem
465 2348 583 2390 atque
614 2340 855 2389 impeditam,
887 2339 1029 2378 adoriri
1060 2353 1139 2377 non
1169 2339 1543 2378 audeant—flumen

219 2403 378 2441 transire
406 2412 443 2441 et
473 2404 609 2454 iniquo
639 2406 727 2442 loco
752 2403 996 2442 committere
1026 2403 1216 2453 proelium
1241 2417 1321 2441 non
1348 2401 1538 2441 dubitant.
