1768 2739
464 131 537 168 DE
569 129 748 167 BELLO
779 129 1024 167 GALLICO
1054 130 1156 166 LIB.
1189 130 1247 166 VI

192 242 232 280 in
253 242 380 280 omnis
407 240 524 291 partis
548 239 672 279 diviso
697 239 881 289 equitatu,
905 247 947 278 ut
969 238 1082 292 [non]
1104 242 1225 279 modo
1245 240 1370 279 visum
1393 242 1444 279 ab
1474 254 1515 279 se

190 306 460 356 Ambiorigem
482 305 520 343 in
541 306 630 354 fuga
650 304 993 354 circumspicerent
1014 304 1156 354 captivi
1176 318 1250 343 nec
1264 306 1380 355 plane
1396 305 1512 344 etiam

188 368 316 408 abisse
332 382 378 407 ex
393 375 606 418 conspectu
627 368 921 414 contenderent,
944 375 996 415 ut,
1020 381 1088 418 spe
1104 369 1373 419 consequendi
1395 369 1513 408 inlata
1533 381 1549 412 5

188 442 306 484 atque
335 434 487 473 infinito
516 434 648 472 labore
676 440 868 483 suscepto,
892 432 959 483 qui
986 446 1027 471 se
1056 446 1251 471 summam
1274 434 1324 471 ab
1346 435 1513 472 Caesare

151 512 167 542 5
188 499 348 548 gratiam
378 499 539 536 inituros
573 504 754 548 putarent
787 511 913 547 paene
946 504 1124 535 naturam
1154 497 1285 535 studio
1313 497 1512 536 vincerent

188 576 418 613 semperque
442 564 602 612 paulum
629 564 679 600 ad
709 575 903 600 summam
933 561 1157 600 felicitatem
1178 561 1348 600 defuisse
1367 561 1513 600 videre-

187 634 256 673 tur,
292 635 410 676 atque
448 627 510 665 ille
544 626 700 664 latebris
730 633 798 664 aut
835 626 996 664 saltibus
1035 639 1076 664 se
1114 625 1278 676 eriperet
1315 632 1354 664 et
1391 634 1511 665 noctu
1532 634 1551 665 6

186 693 402 730 occultatus
422 691 515 729 alias
536 691 712 741 regiones
736 691 933 741 partisque
959 697 1118 740 peteret,
1141 704 1222 729 non
1242 690 1388 729 maiore
1408 691 1513 741 equi-

185 763 267 793 tum
289 755 481 805 praesidio
502 769 620 805 quam
641 762 834 805 quattuor,
856 755 1000 805 quibus
1026 755 1118 793 solis
1138 755 1256 793 vitam
1277 768 1387 794 suam
1408 769 1512 794 com-

129 833 167 855 ro
186 819 337 857 mittere
365 820 545 858 audebat.

240 885 326 922 Tali
354 886 473 922 modo
500 884 656 922 vastatis
683 883 916 934 regionibus,
947 884 1158 923 exercitum
1179 885 1324 924 Caesar
1344 886 1510 923 duarum
1529 894 1582 932 44

185 948 407 987 cohortium
442 950 589 987 damno
623 951 933 988 Durocortorum
966 951 1183 988 Remorum
1221 950 1382 996 reducit,
1420 963 1510 988 con-

185 1012 353 1062 cilioque
391 1013 430 1051 in
469 1027 558 1051 eum
597 1015 728 1052 locum
767 1013 917 1052 Galliae
954 1013 1114 1061 indicto,
1151 1015 1202 1052 de
1240 1014 1509 1053 coniuratione

186 1078 387 1116 Senonum
417 1084 455 1116 et
484 1079 702 1117 Carnutum
722 1079 993 1128 quaestionem
1020 1079 1164 1117 habere
1191 1079 1356 1117 instituit
1395 1086 1432 1117 et
1458 1081 1509 1118 de
1531 1093 1545 1113 2

129 1157 165 1188 15
185 1143 356 1189 Accone,
381 1142 448 1192 qui
475 1142 654 1192 princeps
687 1142 768 1181 eius
795 1143 933 1181 consili
960 1144 1092 1190 fuerat,
1116 1142 1289 1193 graviore
1315 1144 1508 1182 sententia

184 1206 443 1256 pronuntiata,
467 1221 574 1246 more
594 1207 785 1246 maiorum
806 1207 1039 1258 supplicium
1065 1207 1240 1258 sumpsit.
1300 1209 1392 1246 Non
1413 1208 1508 1246 nulli
1529 1216 1546 1245 3

183 1270 372 1309 iudicium
393 1271 501 1310 veriti
528 1273 790 1321 profugerunt.
850 1272 1005 1320 Quibus
1035 1285 1126 1310 cum
1155 1285 1257 1321 aqua
1282 1279 1400 1322 atque
1429 1271 1507 1322 igni

182 1333 450 1381 interdixisset,
488 1336 584 1373 duas
623 1336 794 1385 legiones
832 1337 883 1374 ad
918 1335 1004 1373 finis
1036 1337 1304 1383 Treverorum,
1336 1337 1434 1374 duas
1467 1336 1507 1373 in

182 1397 437 1447 Lingonibus,
472 1412 537 1436 sex
568 1399 734 1448 reliquas
765 1399 804 1436 in
836 1400 1036 1437 Senonum
1068 1399 1212 1438 finibus
1243 1400 1436 1449 Agedinci
1466 1400 1506 1438 in

126 1480 164 1501 20
182 1461 356 1500 hibernis
388 1462 595 1501 collocavit
624 1464 898 1513 frumentoque
925 1462 1108 1501 exercitui
1136 1463 1302 1513 proviso,
1333 1471 1377 1502 ut
1403 1464 1506 1502 insti-

183 1532 318 1572 tuerat,
341 1525 380 1563 in
402 1526 555 1564 Italiam
575 1527 626 1565 ad
647 1534 862 1565 conventus
882 1527 1056 1577 agendos
1076 1529 1271 1577 profectus
1293 1535 1359 1566 est.

526 1637 538 1657 1
568 1637 634 1657 non
654 1626 709 1657 X:
734 1638 798 1658 om.
818 1627 904 1659 codd.
924 1627 990 1658 dno
1005 1627 1167 1660 deteriores
