1768 2739
410 148 483 184 DE
515 147 695 184 BELLO
725 146 970 184 GALLICO
1000 147 1102 183 LIB.
1136 148 1241 184 VIII

162 262 326 299 salutem
358 273 468 298 suam
499 259 686 297 iudicaret
715 259 862 296 nullam
893 258 1154 296 calamitatem
1184 259 1311 297 socios
1338 259 1487 309 optime

161 327 211 364 de
231 339 271 364 re
290 324 447 376 publica
467 323 625 362 meritos
654 322 841 373 accipere,
863 322 1058 372 legionem
1085 336 1131 360 ex
1157 323 1329 361 hibernis
1350 332 1486 362 evocat
1508 335 1524 364 3

160 403 288 428 rursus
323 388 596 435 undecimam3
638 387 781 426 litteras
819 395 950 425 autem
994 389 1044 425 ad
1078 389 1120 426 C.
1156 388 1322 426 Fabium
1356 389 1484 436 mittit,

160 462 202 492 ut
231 454 271 492 in
300 454 386 492 finis
416 453 671 492 Suessionum
701 452 873 502 legiones
904 454 1001 491 duas
1040 466 1136 502 quas
1166 454 1337 491 habebat
1365 455 1487 492 addu-

121 533 138 563 5
160 526 274 565 ceret,
297 520 536 567 alteramque
571 531 617 555 ex
648 517 802 555 duabus
833 517 883 555 ab
907 519 952 554 T.
977 517 1155 555 Labieno
1183 517 1351 555 arcessit.
1412 520 1482 565 Ita,
1505 531 1525 560 4

159 590 349 633 quantum
371 581 622 620 hibernorum
644 581 916 631 opportunitas
937 581 1108 631 bellique
1132 581 1229 619 ratio
1250 583 1483 631 postulabat,

157 655 345 698 perpetuo
367 660 437 685 suo
458 647 590 685 labore
610 646 650 684 in
672 646 797 685 vicem
824 645 1042 697 legionibus
1070 646 1364 696 expeditionum
1385 660 1484 685 onus

156 711 392 761 iniungebat.

211 776 286 815 His
312 776 435 827 copiis
462 776 606 815 coactis
634 778 685 816 ad
721 778 949 815 Bellovacos
980 777 1245 826 proficiscitur,
1269 778 1481 827 castrisque
1499 783 1523 822 7

101 858 138 881 10
156 841 196 879 in
216 854 351 880 eorum
379 840 523 880 finibus
549 840 685 891 positis
715 841 891 891 equitum
920 848 1066 879 turmas
1096 841 1255 880 dimittit
1284 841 1323 879 in
1354 841 1481 880 omnis

156 906 273 957 partis
306 907 357 945 ad
390 906 542 956 aliquos
576 906 828 956 excipiendos
863 920 908 944 ex
938 906 1080 956 quibus
1115 907 1287 945 hostium
1322 907 1484 945 consilia

156 978 418 1020 cognosceret.
479 971 642 1020 Equites
674 970 803 1009 officio
840 970 964 1009 functi
1002 971 1225 1009 renuntiant
1263 984 1409 1021 paucos
1444 972 1483 1010 in
1506 984 1520 1005 2

154 1035 342 1074 aedificiis
373 1049 458 1074 esse
489 1035 668 1074 inventos
699 1043 816 1085 atque
844 1036 926 1083 hos,
950 1049 1029 1074 non
1057 1036 1123 1086 qui
1150 1049 1330 1085 agrorum
1357 1038 1485 1075 colen-

155 1101 296 1138 dorum
317 1113 433 1138 causa
454 1099 957 1150 remansissent—namque
978 1113 1063 1139 esse
1084 1100 1259 1150 undique
1281 1101 1485 1150 diligenter

99 1179 134 1209 15
155 1165 541 1215 demigratum—sed
593 1165 660 1215 qui
707 1165 936 1215 speculandi
981 1179 1098 1204 causa
1145 1173 1275 1204 essent
1322 1166 1480 1205 remissi.

154 1232 191 1268 A
221 1230 363 1280 quibus
392 1244 483 1269 curn
513 1238 715 1280 quaereret
745 1232 889 1269 Caesar
918 1243 997 1280 quo
1027 1232 1115 1269 loco
1145 1230 1356 1269 multitudo
1383 1239 1483 1270 esset
1504 1243 1520 1273 3

156 1297 452 1334 Bellovacorum
493 1297 649 1345 quodve
688 1302 789 1334 esset
827 1295 1034 1333 consilium
1073 1308 1218 1343 eorum,
1260 1295 1484 1334 inveniebat

155 1361 384 1399 Bellovacos
419 1360 547 1399 omnis
577 1360 645 1410 qui
678 1373 784 1398 arma
814 1361 911 1398 ferre
940 1367 1100 1410 possent
1129 1360 1168 1398 in
1199 1374 1321 1398 unum
1351 1362 1482 1399 locum
1502 1373 1522 1402 4

153 1425 392 1472 convenisse,
431 1425 604 1475 itemque
643 1424 872 1472 Ambianos,
908 1426 1109 1472 Aulercos,
1152 1426 1320 1472 Caletos,
1355 1425 1485 1464 Velio-

96 1506 135 1527 20
154 1488 282 1536 cassis,
301 1490 507 1528 Atrebatas
522 1505 532 1538 3
553 1491 684 1528 locum
707 1489 839 1527 castris
860 1490 1056 1528 excelsum
1077 1489 1116 1527 in
1134 1489 1228 1528 silva
1244 1490 1484 1529 circumdata

152 1555 296 1603 palude
330 1554 530 1604 delegisse,
566 1554 849 1603 impedimenta
882 1554 1015 1592 omnia
1052 1554 1091 1592 in
1130 1554 1330 1593 ulteriores
1369 1555 1482 1594 silvas

153 1617 374 1656 contulisse.
435 1618 658 1668 Compluris
698 1631 782 1656 esse
813 1618 1007 1667 principes
1052 1618 1143 1656 belli
1181 1626 1372 1666 auctores,
1413 1621 1518 1662 sed5

153 1681 445 1720 multitudinem
467 1682 634 1720 maxime
656 1684 803 1722 Correo
824 1683 1105 1732 obtemperare,
1128 1684 1237 1732 quod
1262 1683 1296 1721 ei
1327 1697 1482 1723 summo

153 1760 238 1785 esse
259 1747 352 1786 odio
373 1760 519 1785 nomen
539 1747 675 1797 populi
698 1747 868 1785 Romani
885 1747 1173 1786 intellexissent.
1233 1748 1372 1786 Paucis
1392 1756 1482 1787 ante
1501 1754 1520 1786 6

94 1821 131 1853 25
153 1812 293 1850 diebus
325 1826 371 1850 ex
404 1812 463 1850 his
495 1812 628 1851 castris
660 1814 889 1851 Atrebatem
921 1812 1148 1852 Commium
1178 1812 1403 1852 discessisse
1432 1815 1483 1853 ad

151 1877 292 1915 auxilia
324 1878 611 1916 Germanorum
644 1879 891 1926 adducenda,
925 1892 1093 1928 quorum
1123 1885 1160 1917 et
1193 1878 1369 1917 vicinitas
1399 1893 1483 1929 pro-

151 1941 299 1991 pinqua
347 1949 384 1980 et
422 1942 633 1981 multitudo
672 1950 773 1981 esset
812 1943 972 1981 infinita.
1051 1943 1311 1982 Constituisse
1349 1952 1518 1990 autem7

152 2008 381 2045 Bellovacos
429 2007 606 2045 omnium
654 2007 874 2057 principum
917 2021 1124 2055 consensu,
1165 2021 1317 2046 summa
1355 2009 1480 2058 plebis

151 2070 376 2120 cupiditate,
417 2070 459 2117 si,
493 2078 535 2109 ut
568 2071 770 2119 diceretur,
806 2073 950 2112 Caesar
983 2086 1074 2111 cum
1106 2073 1227 2111 tribus
1262 2073 1479 2123 legionibus

93 2146 132 2176 30
150 2135 307 2182 veniret,
332 2136 467 2174 offerre
497 2149 538 2174 se
568 2137 618 2174 ad
648 2136 928 2183 dimicandum,
950 2151 1000 2176 ne
1030 2137 1227 2176 miseriore
1253 2151 1298 2176 ac
1326 2138 1480 2178 duriore

150 2207 286 2249 postea
306 2199 541 2238 condicione
570 2214 660 2239 cum
690 2209 773 2240 toto
801 2202 970 2240 exercitu
1000 2203 1198 2241 decertare
1225 2211 1478 2253 cogerentur3

150 2263 180 2301 si
215 2263 380 2302 maiores
414 2264 546 2314 copias
577 2266 799 2312 adduceret,
833 2266 872 2303 in
903 2279 950 2304 eo
979 2267 1068 2305 Ioco
1097 2280 1324 2316 permanere
1358 2281 1475 2318 quem
1496 2276 1514 2306 8

192 2378 212 2408 5
234 2369 311 2399 Tito
328 2368 372 2400 ed.
387 2379 426 2408 3:
454 2368 536 2400 lutio
553 2369 611 2401 A:
637 2369 725 2401 lucio
746 2369 818 2400 ΜΒ
838 2381 844 2399 z
873 2370 907 2401 L.
927 2372 950 2405 β
1060 2380 1103 2409 30
1127 2371 1287 2402 offerrent
1305 2384 1324 2401 α
1435 2383 1476 2412 32

144 2415 221 2452 post
235 2413 417 2443 adduceret
434 2411 510 2443 add.
525 2417 558 2444 et
575 2425 595 2443 α
687 2418 904 2453 permaneret
919 2425 938 2443 α
