1768 2739
659 136 702 172 C.
738 136 852 173 IVLI
885 135 1152 174 CAESARIS

203 265 222 295 4
243 245 421 285 consistit
441 261 447 285 :
489 247 538 285 ab
564 245 731 297 parvulis
758 246 881 285 labori
902 261 947 285 ac
968 247 1133 286 duritiae
1158 248 1326 287 student.
1388 249 1467 298 Qui
1487 249 1569 288 diu-

242 311 392 350 tissime
413 311 638 361 impuberes
660 319 967 362 permanserunt‚
985 312 1194 351 maximam
1210 312 1310 352 inter
1330 326 1422 353 suos
1443 316 1569 353 serunt

242 377 425 416 laudem:
460 377 536 415 hoc
566 376 629 414 alii
658 384 854 424 staturam,
878 377 941 416 alii
972 377 1070 416 vires
1100 391 1320 428 nervosque
1349 380 1570 418 confirmari

204 452 220 484 5
242 447 392 491 putant.
454 442 562 479 Intra
592 454 741 479 annum
781 455 872 480 vero
911 441 1141 480 vicesimum
1181 442 1352 482 feminae
1390 443 1570 482 notitiam

241 505 427 544 habuisse
457 505 497 544 in
530 505 761 556 turpissimis
791 506 939 544 habent
969 506 1112 554 rebus3
1154 507 1264 546 cuius
1294 507 1348 546 rei
1378 509 1485 546 nulla
1514 517 1571 547 est

243 570 465 618 occultatio,
493 572 602 620 quod
632 578 669 609 et
693 570 917 621 promiscue
946 571 986 609 in
1016 571 1244 610 fluminibus
1274 574 1505 622 perluuntur
1534 580 1571 611 et

243 635 411 686 pellibus
449 642 517 676 aut
555 635 682 685 parvis
721 648 915 676 renonum
964 635 1186 686 tegimentis
1229 644 1392 676 utuntur
1430 650 1572 687 magna

243 699 416 750 corporis
436 707 546 750 parte
567 701 683 739 nuda.

171 775 221 802 22
296 764 391 814 Agri
420 765 594 803 culturae
624 777 704 803 non
734 765 903 812 student,
933 764 1136 815 maiorque
1164 779 1252 816 pars
1282 779 1417 805 eorum
1447 766 1571 806 victus

206 845 221 866 2
243 829 283 866 in
321 830 432 876 lacte,
474 842 600 876 caseo,
642 842 759 868 carne
806 829 994 868 consistit.
1055 831 1198 880 Neque
1236 830 1444 881 quisquam
1492 831 1571 882 agri

244 895 409 933 modum
439 901 589 932 certum
617 902 685 933 aut
714 894 802 933 finis
829 895 949 933 habet
978 894 1156 945 proprios
1172 910 1182 943 ‚-
1220 896 1290 934 sed
1325 895 1571 945 magistratus

242 972 289 998 ac
318 958 514 1009 principes
545 959 584 997 in
613 972 739 998 annos
769 959 942 1010 singulos
974 960 1156 1010 gentibus
1191 960 1572 1010 cognationibusque

242 1024 459 1071 hominum,
493 1024 561 1074 qui
590 1028 733 1066 †cum†
761 1038 839 1064 una
869 1024 1056 1072 coierunt,
1087 1032 1278 1075 quantum
1308 1032 1346 1064 et
1375 1038 1455 1075 quo
1484 1026 1573 1064 loco

242 1090 369 1128 visum
405 1096 463 1127 est
496 1089 576 1139 agri
614 1088 833 1128 attribuunt
870 1097 990 1139 atque
1028 1102 1134 1128 anno
1173 1097 1262 1140 post
1300 1089 1377 1128 alio
1411 1089 1573 1128 transire

206 1170 223 1199 3
243 1161 399 1204 cogunt.
462 1153 556 1192 Eius
577 1154 630 1192 rei
659 1155 800 1192 multas
825 1155 1007 1193 adferunt
1037 1167 1197 1193 causas:
1227 1168 1278 1193 ne
1304 1154 1463 1193 assidua
1482 1168 1573 1193 con-

243 1219 452 1257 suetudine
486 1218 590 1269 capti
625 1218 799 1258 studium
839 1218 930 1257 belli
970 1219 1130 1270 gerendi
1169 1219 1249 1269 agri
1281 1221 1431 1258 cultura
1470 1233 1574 1258 com-

243 1290 422 1331 mutent3
471 1297 520 1321 ne
568 1285 666 1321 latos
706 1283 794 1321 finis
833 1297 967 1333 parare
1016 1285 1210 1330 studeant,
1253 1283 1573 1333 potentioresque

244 1347 470 1386 humiliores
501 1347 817 1397 possessionibus
849 1349 1068 1397 expellant3
1107 1361 1157 1386 ne
1186 1348 1404 1386 accuratius
1433 1349 1484 1386 ad
1515 1348 1573 1385 fri-

242 1425 335 1461 gora
355 1419 473 1462 atque
497 1420 626 1450 aestus
648 1411 828 1450 vitandos
856 1412 1066 1450 aedificent
1082 1426 1092 1459 νς
1121 1426 1170 1450 ne
1191 1425 1268 1462 qua
1295 1411 1439 1450 oriatur
1459 1426 1574 1462 pecu-

244 1477 331 1515 niae
345 1476 549 1526 cupiditas,
570 1489 647 1526 qua
665 1490 711 1514 ex
724 1490 763 1514 re
778 1476 966 1515 factiones
982 1476 1328 1526 dissensionesque
1342 1484 1556 1516 nascuntur
1565 1492 1574 1524 ;

205 1559 224 1588 4
244 1549 285 1581 ut
318 1541 438 1580 animi
473 1541 670 1591 aequitate
702 1541 859 1591 plebem
896 1541 1133 1588 contineant,
1167 1555 1257 1580 curn
1288 1554 1377 1581 suas
1406 1541 1573 1592 quisque

243 1619 338 1656 opes
359 1619 449 1645 cum
472 1606 753 1655 potentissimis
775 1606 932 1655 aequari
955 1606 1094 1645 videat.

172 1680 224 1718 23
298 1670 531 1709 Civitatibus
569 1671 737 1708 maxima
771 1672 853 1709 laus
890 1678 947 1709 est
982 1684 1101 1721 quam
1136 1670 1323 1710 latissime
1354 1671 1500 1710 circum
1533 1685 1574 1710 se

208 1751 222 1772 2
243 1734 400 1773 vastatis
430 1734 573 1773 finibus
605 1734 837 1773 solitudines
854 1730 1019 1774 habere.
1084 1737 1176 1774 Hoc
1203 1735 1403 1786 proprium
1424 1736 1574 1775 virtutis

243 1796 474 1843 existimant,
510 1799 692 1847 expulsos
732 1796 831 1846 agris
872 1797 1059 1836 finitimos
1095 1799 1235 1837 cedere
1273 1811 1403 1848 neque
1441 1812 1574 1848 quem-
1619 1811 1630 1818 ·

207 1879 224 1910 3
244 1875 361 1911 quam
392 1875 514 1912 prope
543 1863 688 1901 audere
711 1862 951 1911 consistere3
981 1863 1097 1901 simul
1127 1864 1203 1901 hoc
1233 1877 1274 1902 se
1302 1865 1384 1902 fore
1413 1864 1574 1902 tutiores

205 1926 487 1973 4arbitrantur,
529 1926 756 1976 repentinae
796 1927 1028 1966 incursionis
1068 1928 1207 1966 timore
1245 1928 1410 1966 sublato.
1471 1929 1574 1968 Cum

244 1992 393 2030 bellum
422 1991 556 2029 civitas
586 1999 654 2030 aut
684 1992 848 2031 inlatum
878 1993 1055 2032 defendit
1085 2001 1152 2032 aut
1182 1993 1305 2040 infert,
1330 1992 1575 2043 magistratus

245 2056 312 2105 qui
334 2056 368 2094 ei
389 2056 494 2094 bello
522 2057 703 2106 praesint,
728 2066 770 2097 ut
790 2058 891 2098 vitae
913 2058 1099 2108 necisque
1124 2058 1295 2097 habeant
1325 2064 1571 2107 potestatem,

1596 847 1634 869 10

1595 1166 1632 1198 15

1596 1490 1634 1512 20

207 2134 224 2164 5
247 2120 478 2170 deliguntur.
539 2124 587 2160 In
618 2137 715 2173 pace
744 2126 873 2163 nullus
898 2132 955 2163 est
976 2123 1197 2162 communis
1225 2122 1480 2172 magistratus,
1504 2122 1573 2159 sed
1594 2130 1634 2162 30

247 2186 441 2236 principes
471 2187 675 2237 regionum
715 2196 833 2239 atque
872 2203 1062 2239 pagorum
1094 2188 1193 2226 inter
1223 2201 1314 2226 suos
1349 2187 1408 2225 ius
1438 2186 1574 2225 dicunt

291 2299 310 2326 3
335 2290 399 2320 hoc
416 2291 471 2321 alii
489 2296 667 2323 staturam.
682 2292 736 2323 alii
759 2293 848 2323 vires
865 2304 883 2322 α
898 2304 903 2322 :
929 2292 996 2322 Alii
1018 2293 1081 2323 hoc
1106 2295 1250 2322 statura.
1266 2290 1320 2322 alii
1344 2290 1406 2320 hoc
1424 2290 1513 2319 vires
1528 2290 1551 2322 β
1566 2299 1571 2317 :

248 2333 312 2362 hoc
324 2332 366 2363 ali
379 2338 552 2373 staturam,
564 2336 607 2366 ali
622 2337 686 2366 hoc
699 2335 906 2366 viresAldus
998 2345 1035 2374 13
1053 2336 1195 2374 quicum
1208 2344 1274 2364 una
1285 2345 1304 2362 α
1320 2345 1326 2363 :
1342 2333 1436 2371 quiq;
1454 2341 1519 2361 una
1531 2333 1571 2365 βε

247 2377 303 2414 qui
323 2380 543 2410 communiter
554 2379 690 2419 Fn‘gell:
716 2390 760 2410 an
777 2379 1000 2418 quicumque?
1117 2388 1159 2416 30
1184 2377 1295 2407 nullus
1310 2376 1342 2406 Β
1357 2387 1362 2405 :
1388 2375 1487 2405 nullis
1503 2373 1573 2407 A'ss
