1706 2729
646 130 689 167 C.
724 130 838 167 IVLI
872 130 1139 167 CAESARIS

230 238 382 278 initium
423 240 525 289 capit
563 254 585 279 a
622 240 783 278 flumine
823 242 1045 289 Rhodano:
1092 243 1314 282 continetur
1353 245 1552 284 Garumna

230 304 401 351 flumine,
443 305 617 351 Oceano,
658 304 801 343 finibus
850 306 1055 355 Belgarum
1072 321 1081 353 ;
1137 307 1289 357 attingit
1337 308 1454 347 etiam
1501 309 1552 347 ab

231 369 420 418 Sequanis
450 376 487 407 et
519 369 711 408 Helvetiis
746 370 892 408 flumen
928 372 1114 409 Rhenum
1131 386 1140 419 3
1178 372 1298 421 vergit
1322 374 1372 411 ad
1403 380 1555 423 septen-

191 442 210 471 6
229 433 384 472 triones.
445 435 588 484 Belgae
617 435 668 472 ab
698 435 877 473 extremis
900 435 1049 474 Galliae
1076 436 1220 475 finibus
1242 437 1418 491 oriuntur
1432 452 1442 485 ς
1471 451 1553 488 per-

229 497 354 536 tinent
382 499 433 536 ad
467 498 689 536 inferiorem
720 506 869 548 partem
901 499 1072 538 fluminis
1103 501 1259 549 Rheni3
1302 509 1480 550 spectant
1513 502 1552 540 in
1572 509 1590 541 5

193 576 209 609 7
230 562 537 611 septentrionem
571 570 609 601 et
643 562 833 601 orientem
866 564 999 601 solem.
1059 564 1271 613 Aquitania
1299 578 1323 603 a
1352 566 1554 604 Garumna

230 627 391 665 flumine
420 628 471 665 ad
496 629 716 676 Pyrenaeos
746 626 891 665 montis
921 633 958 665 et
988 640 1073 665 eam
1101 636 1249 677 partem
1272 629 1422 667 Oceani
1452 642 1553 679 quae

229 698 286 729 est
313 692 363 729 ad
392 691 627 740 Hispaniam
648 690 815 740 pertinet
830 706 839 738 3
873 698 1023 740 spectat
1050 691 1149 730 inter
1178 705 1362 731 occasum
1393 693 1485 732 solis
1516 702 1553 732 et

229 756 523 805 septentriones.

185 830 210 857 2
282 821 403 868 Apud
444 819 649 858 Helvetios
695 821 810 869 longe
849 819 1116 859 nobilissimus
1154 821 1225 860 fuit
1263 829 1301 860 et
1339 822 1553 861 ditissimus
1576 834 1614 857 10

229 883 443 933 Orgetorix.
505 885 556 930 Is,
577 885 632 922 M.
654 885 840 922 Messalla
860 892 898 922 et
921 886 975 922 M.
1001 885 1127 934 Pupio
1148 885 1291 924 Pisone
1312 886 1552 933 consulibus,

228 947 335 997 regni
357 947 573 997 cupiditate
597 948 782 986 inductus
812 948 1125 987 coniurationem
1156 949 1370 988 nobilitatis
1391 949 1493 996 fecit,
1516 958 1553 988 et

228 1011 373 1049 civitati
407 1011 597 1061 persuasit
635 1019 677 1050 ut
719 1013 769 1050 de
803 1012 947 1050 finibus
977 1012 1056 1050 suis
1088 1026 1178 1051 cum
1212 1013 1397 1052 omnibus
1431 1013 1554 1063 copiis

191 1090 205 1110 2
229 1075 398 1114 exirent:
447 1076 630 1125 perfacile
665 1089 760 1123 esse,
795 1090 885 1114 cum
916 1076 1056 1115 virtute
1090 1077 1275 1115 omnibus
1302 1082 1551 1127 praestarent,

228 1139 346 1177 totius
377 1140 527 1178 Galliae
556 1140 721 1189 imperio
751 1140 875 1189 potiri.
938 1141 986 1178 Id
1007 1142 1083 1179 hoc
1103 1141 1253 1179 facilius
1275 1141 1329 1180 eis
1350 1141 1551 1191 persuasit,
1576 1155 1612 1186 15

228 1204 337 1252 quod
371 1203 546 1253 undique
580 1204 656 1242 loci
692 1211 829 1242 natura
865 1204 1039 1242 Helvetii
1079 1205 1351 1244 continentur:
1393 1219 1471 1244 una
1506 1219 1553 1244 ex

228 1274 337 1316 parte
366 1267 528 1306 flumine
551 1269 695 1306 Rheno
726 1267 915 1306 latissimo
949 1276 1067 1317 atque
1098 1269 1298 1315 altissimo,
1323 1269 1389 1318 qui
1418 1282 1553 1319 agrum

232 1332 459 1369 Helvetium
491 1345 514 1369 a
541 1332 748 1370 Germanis
769 1331 907 1370 dividit
924 1346 932 1378 ,-
972 1333 1091 1370 altera
1112 1346 1157 1370 ex
1178 1340 1286 1382 parte
1307 1341 1441 1371 monte
1464 1335 1554 1371 Iura

228 1395 428 1441 altissimo,
451 1396 517 1444 qui
550 1403 607 1433 est
634 1396 732 1433 inter
762 1397 965 1444 Sequanos
996 1403 1032 1433 et
1065 1396 1294 1441 Helvetios;
1328 1396 1438 1435 tertia
1467 1398 1554 1435 lacu

231 1460 435 1496 Lemanno
467 1466 504 1496 et
536 1459 697 1498 flumine
726 1460 936 1501 Rhodano,
960 1459 1026 1508 qui
1048 1460 1288 1508 provinciam
1311 1467 1483 1498 nostram
1504 1461 1554 1498 ab
1575 1476 1615 1497 20

189 1532 208 1559 4
232 1522 424 1560 Helvetiis
467 1522 614 1560 dividit.
692 1523 766 1560 His
810 1523 924 1560 rebus
970 1523 1087 1561 fiebat
1128 1532 1168 1562 ut
1217 1532 1254 1562 et
1302 1524 1430 1562 minus
1479 1525 1554 1562 late

230 1594 458 1635 vagarentur
479 1594 516 1625 et
537 1587 666 1625 minus
688 1587 799 1624 facile
821 1586 995 1624 finitimis
1025 1587 1170 1625 bellum
1202 1587 1340 1625 inferre
1369 1597 1552 1637 possent:

230 1662 307 1699 qua
328 1663 372 1688 ex
394 1657 501 1699 parte
521 1650 702 1688 homines
724 1650 896 1688 bellandi
918 1650 1050 1700 cupidi
1073 1664 1216 1700 magno
1240 1652 1375 1689 dolore
1401 1651 1555 1689 adficie-

192 1721 207 1750 ἓ
230 1715 381 1752 bantur.
445 1716 518 1752 Pro
554 1714 804 1753 multitudine
839 1722 970 1752 autem
1005 1715 1212 1753 hominum
1251 1723 1288 1753 et
1327 1728 1396 1764 pro
1435 1716 1555 1764 gloria

231 1778 321 1815 belli
342 1785 459 1827 atque
480 1778 717 1817 fortitudinis
733 1786 919 1827 angustos
936 1792 976 1816 se
991 1779 1077 1816 finis
1094 1780 1238 1817 habere
1258 1778 1552 1820 arbitrabantur.
1577 1795 1613 1826 25

230 1842 297 1891 qui
331 1842 370 1879 in
410 1842 696 1891 longitudinem
729 1842 834 1880 milia
866 1856 1051 1891 passuum
1084 1854 1202 1889 CCXL,
1235 1843 1273 1880 in
1308 1842 1554 1882 latitudinem

230 1917 371 1943 CLxxx
392 1906 588 1954 patebant.

188 1973 212 2009 3
288 1969 363 2007 His
401 1971 516 2008 rebus
562 1971 721 2009 adducti
754 1978 793 2009 et
830 1971 1060 2009 auctoritate
1100 1971 1337 2021 Orgetorigis
1375 1971 1554 2021 permoti,

232 2033 517 2071 constituerunt
547 2047 591 2072 ea
621 2048 721 2083 quae
746 2036 796 2072 acl
827 2034 1157 2083 proficiscendum
1187 2035 1424 2084 pertinerent
1453 2047 1556 2072 com-

233 2110 376 2145 parare,
399 2097 662 2135 iumentorum
686 2106 723 2135 et
753 2111 948 2136 carrorum
971 2111 1088 2147 quam
1115 2099 1327 2136 maximum
1349 2110 1553 2136 numerum
1574 2112 1617 2141 30

233 2174 420 2203 coemere,
446 2161 630 2199 sementis
652 2174 770 2210 quam
793 2161 979 2199 maximas
1011 2163 1136 2199 facere
1157 2170 1198 2199 ut
1220 2162 1257 2199 in
1286 2162 1421 2199 itinere
1442 2161 1554 2209 copia

235 2224 414 2262 frumenti
456 2232 688 2273 suppeteret,
725 2238 814 2262 cum
855 2225 1039 2274 proximis
1078 2223 1298 2262 civitatibus
1337 2237 1474 2273 pacem
1517 2233 1554 2261 et

278 2336 296 2355 2
323 2325 460 2354 Oceano
472 2325 602 2355 Aldus:
630 2325 801 2355 Oceanum
823 2324 859 2354 X
949 2336 982 2355 11
1013 2325 1055 2356 M.
1073 2325 1181 2364 Pupio
1198 2325 1325 2366 cffast.
1343 2334 1424 2355 cous.
1439 2335 1466 2355 a.
1485 2336 1514 2355 τι.
1532 2336 1553 2355 c.

235 2370 318 2405 603:
347 2367 375 2406 ἶ).
396 2368 436 2398 tir
458 2367 510 2398 X:
545 2367 656 2406 publio
676 2378 786 2397 marco
804 2368 845 2398 B‘
863 2378 937 2399 corr.
