1768 2739
404 143 476 181 DE
509 142 688 180 BELLO
719 142 964 180 GALLICO
997 144 1096 181 LIB.
1131 144 1212 181 VII

144 251 212 304 qui
243 266 311 304 per
341 253 562 291 sacerdotes
593 264 700 290 more
728 251 892 290 civitatis
924 252 1150 292 intermissis
1183 254 1469 305 magistratibus

144 326 246 357 esset
265 325 425 365 creatus,
449 324 682 367 potestatem
703 316 880 355 obtinere
901 316 1020 355 iussit.

200 384 292 420 Hoc
326 383 483 421 decreto
518 381 756 431 interposito,
791 383 1016 420 cohortatus
1046 384 1208 422 Aeduos
1243 393 1284 423 ut
1318 393 1470 423 contro·
1490 391 1540 428 34

142 445 352 484 versiarum
390 459 436 484 ac
474 445 727 484 dissensionis
772 445 1093 484 obliviscerentur
1129 455 1247 498 atque
1285 449 1470 487 omnibus

104 522 122 552 5
142 510 295 549 omissis
323 510 382 548 his
412 510 527 549 rebus
557 510 648 548 huic
675 510 779 549 bello
807 511 1002 558 servirent,
1027 525 1151 562 eaque
1180 526 1280 562 quae
1312 513 1469 552 meruis-

142 582 228 613 sent
271 574 443 624 praemia
491 575 542 612 ab
582 587 624 612 se
664 574 818 613 devicta
852 574 978 613 Gallia
1012 583 1289 625 exspectarent,
1324 577 1470 627 equita-

141 647 304 689 tumque
328 653 486 678 omnem
514 647 551 678 et
577 639 755 689 peditum
788 639 893 678 milia
919 652 947 677 x
979 640 1053 678 sibi
1079 641 1252 679 celeriter
1272 641 1470 680 mitterent

139 716 240 753 quae
271 703 310 741 in
340 703 540 754 praesidiis
570 703 623 742 rei
654 704 927 742 frumentariae
957 717 1074 742 causa
1103 704 1337 754 disponeret,
1367 720 1469 744 exer-

139 768 259 806 citum
286 768 326 806 in
353 769 450 806 duas
477 767 595 818 partis
625 768 777 806 divisit:
813 775 996 817 quattuor
1022 768 1194 817 legiones
1224 769 1263 806 in
1291 771 1466 811 Senones
1490 782 1504 802 2

83 845 121 868 10
140 832 385 882 Parisiosque
413 833 589 871 Labieno
619 834 821 871 ducendas
852 833 970 879 dedit,
1001 846 1067 871 sex
1096 832 1178 882 ipse
1208 833 1247 871 in
1271 836 1466 872 Arvernos

137 898 187 936 ad
222 897 411 947 oppidum
447 897 680 947 Gergoviam
720 898 939 936 secundum
978 899 1125 936 flumen
1161 899 1299 937 Elaver
1333 899 1466 946 duxit3

137 961 331 1011 equitatus
352 969 501 1011 partem
525 960 579 999 illi
604 961 788 1007 attribuit,
812 968 962 1010 partem
989 961 1063 999 sibi
1090 962 1253 1012 reliquit.
1315 964 1404 1011 Qua
1425 977 1464 1001 re
1487 980 1503 1009 3

136 1026 291 1075 cognita
322 1026 614 1075 Vercingetorix
664 1026 848 1064 omnibus
901 1026 1123 1075 interruptis
1165 1027 1246 1065 eius
1291 1027 1461 1065 fluminis

135 1091 321 1140 pontibus
345 1091 395 1128 ab
421 1092 540 1129 altera
566 1090 736 1128 fluminis
765 1098 871 1140 parte
899 1090 969 1129 iter
995 1092 1120 1130 facere
1147 1092 1286 1142 coepit.

78 1169 115 1201 15
190 1156 292 1193 Cum
306 1162 469 1204 uterque
489 1154 684 1204 utrimque
705 1154 844 1193 exisset
865 1155 1065 1201 exercitus,
1084 1155 1123 1192 in
1139 1164 1353 1206 conspectu
1369 1158 1460 1195 fere·
1479 1161 1529 1199 35

134 1232 211 1268 que
225 1233 245 1257 e
259 1218 415 1269 regione
432 1218 564 1257 castris
581 1226 704 1257 castra
717 1219 930 1268 ponebant,
941 1219 1138 1268 dispositis
1152 1221 1460 1269 exploratoribus

133 1283 276 1321 necubi
303 1284 442 1322 effecto
471 1290 592 1333 ponte
622 1283 794 1321 Romani
828 1283 960 1333 copias
995 1284 1251 1322 traducerent.
1308 1287 1400 1323 Erat
1422 1286 1459 1323 in
1483 1303 1496 1322 2

132 1348 281 1397 magnis
321 1348 478 1387 Caesari
522 1348 816 1386 difficultatibus
857 1361 925 1394 reS,
971 1362 1021 1386 ne
1069 1348 1255 1387 maiorem
1303 1351 1459 1388 aestatis

130 1421 279 1462 partem
301 1414 462 1452 flumine
484 1413 746 1463 impediretur,
770 1414 878 1462 quod
903 1426 983 1451 non
1010 1414 1088 1451 fere
1111 1421 1202 1451 ante
1225 1421 1457 1452 autumnum

74 1490 112 1512 20
132 1479 271 1516 Elaver
290 1479 392 1517 vado
418 1478 569 1516 transiri
596 1479 703 1516 solet.
765 1478 915 1527 Itaque,
939 1490 987 1515 ne
1009 1477 1048 1515 id
1068 1477 1271 1524 accideret,
1296 1478 1457 1516 silvestri
1480 1493 1496 1522 3

130 1542 218 1580 loco
249 1542 382 1580 castris
416 1542 552 1591 positis
587 1556 608 1580 e
642 1541 800 1590 regione
829 1541 944 1579 unius
979 1554 1113 1579 eorum
1143 1542 1323 1590 pontium
1359 1556 1457 1592 quos

129 1605 422 1655 Vercingetorix
469 1606 750 1644 rescindendos
798 1612 1007 1651 curaverat,
1051 1613 1208 1654 postero
1255 1606 1319 1643 die
1367 1619 1456 1644 cum

128 1671 282 1708 duabus
312 1670 530 1720 legionibus
557 1671 596 1707 in
627 1670 782 1708 occulto
812 1668 973 1716 restitit,
1007 1669 1173 1718 reliquas
1204 1669 1336 1718 copias
1366 1683 1453 1707 cum
1476 1687 1494 1715 4

129 1735 312 1772 omnibus
334 1733 635 1784 impedimentis,
655 1741 697 1771 ut
717 1740 981 1779 consueverat,
1006 1732 1118 1779 misit,
1137 1733 1278 1782 apertis
1299 1733 1455 1782 quibus-

71 1809 108 1840 25
129 1799 220 1836 darn
250 1798 487 1845 cohortibus,
517 1798 572 1836 uti
602 1810 786 1836 numerus
816 1797 1013 1847 legionum
1043 1804 1221 1835 constare
1248 1797 1450 1836 videretur.

130 1862 206 1900 His
236 1875 353 1912 quam
387 1862 611 1912 longissime
651 1869 811 1911 possent
842 1861 973 1911 egredi
1004 1861 1126 1907 iussis,
1163 1874 1252 1899 cum
1292 1861 1367 1899 iam
1408 1877 1453 1900 ex
1474 1874 1489 1903 5

127 1925 205 1964 diei
244 1933 419 1975 tempore
457 1925 722 1964 coniecturam
761 1933 917 1974 ceperat
965 1925 1004 1962 in
1047 1933 1171 1963 castra
1209 1934 1449 1974 perventum,

127 1990 252 2029 isdem
290 1990 459 2037 sublicis,
500 2003 664 2040 quarum
703 2003 790 2039 pars
833 1989 989 2028 inferior
1028 1990 1174 2039 integra
1213 1991 1452 2038 remanebat,

127 2062 289 2104 pontem
328 2055 483 2093 reficere
526 2054 664 2104 coepit.
736 2054 922 2093 Celeriter
961 2055 1100 2093 effecto
1140 2067 1257 2104 opere
1295 2055 1489 2104 legioni-6

69 2131 107 2162 30
127 2119 279 2168 busque
317 2119 502 2157 traductis
534 2127 571 2157 et
604 2120 693 2157 loco
731 2118 864 2156 castris
902 2118 1047 2157 idoneo
1086 2120 1250 2164 delecto,
1284 2118 1450 2168 reliquas

126 2183 258 2232 copias
279 2183 482 2221 revocavit.
542 2182 835 2232 Vercingetorix
859 2196 899 2220 re
926 2182 1090 2232 cognita,
1115 2196 1164 2220 ne
1185 2189 1319 2220 contra
1340 2196 1449 2221 suam
1472 2196 1488 2229 7

128 2249 366 2286 voluntatem
386 2247 571 2286 dimicare
592 2254 802 2297 cogeretur,
819 2247 968 2296 magnis
990 2246 1191 2285 itineribus
1211 2248 1429 2286 antecessit.

171 2360 208 2389 15
234 2351 365 2389 utrique
384 2354 474 2381 esset
495 2351 654 2380 exercitui
672 2353 695 2385 β
803 2352 842 2381 16
867 2351 1039 2390 ponebant
1055 2361 1096 2381 a:
1123 2355 1265 2389 poneret
1282 2353 1305 2385 β
1409 2362 1448 2389 24

132 2397 205 2435 (ita)
228 2394 355 2435 apertis
378 2393 505 2425 Det'ter:
531 2394 670 2435 Cllaptis
694 2394 736 2424 T:
763 2395 868 2433 captis
885 2395 942 2424 al]
1027 2406 1066 2433 27
1091 2398 1261 2434 caperetB

1304 2441 1361 2469 11*
