1706 2729
431 127 504 165 DE
535 126 714 163 BELLO
746 127 990 164 GALLICO
1021 128 1122 164 LIB.
1157 128 1174 164 Ι

142 249 285 286 magno
305 238 355 275 ad
386 248 557 287 pugnam
585 243 664 274 erat
685 235 969 285 impedimento
998 238 1107 286 quod
1128 236 1304 286 pluribus
1326 249 1459 275 eorum

142 301 261 339 scutis
292 312 372 339 uno
399 300 477 337 ictu
507 298 675 348 pilorum
703 299 894 337 transfixis
919 307 956 337 et
983 300 1183 349 colligatis,
1207 313 1297 338 cum
1318 301 1460 339 ferrum

143 378 183 403 se
212 363 433 410 inflexisset,
462 375 591 412 neque
620 364 784 401 evellere
814 375 943 412 neque
970 363 1122 402 sinistra
1150 364 1340 413 impedita
1370 364 1460 402 satis

141 429 352 467 commode
372 440 544 477 pugnare
566 434 745 477 poterant
759 443 768 475 3
799 427 911 465 multi
937 435 979 466 ut
1008 427 1075 466 diu
1105 428 1248 467 iactato
1278 429 1463 467 bracchio
1483 439 1502 466 4

105 498 413 543 5praeoptarent
460 499 615 529 scutum
667 505 786 529 manu
834 491 1010 530 emittere
1058 500 1095 530 et
1143 493 1253 531 nudo
1300 505 1462 542 corpore

140 568 324 606 pugnare.
383 556 564 593 Tandem
584 555 811 593 vulneribus
832 555 976 594 defessi
1002 564 1040 594 et
1074 557 1218 605 pedem
1248 558 1387 594 referre
1412 564 1460 603 et,
1485 569 1501 599 5

141 621 251 672 quod
281 633 395 660 mons
427 620 583 658 suberat
615 619 765 658 circiter
795 619 901 658 mille
930 633 1128 670 passuum,
1151 633 1199 659 eo
1227 634 1268 659 se
1291 620 1462 670 recipere

142 691 365 733 coeperunt.
425 685 553 734 Capto
580 692 714 724 monte
742 693 779 723 et
806 684 1110 724 succedentibus
1135 684 1287 731 nostris,
1311 684 1398 723 Boii
1426 692 1464 723 et
1484 687 1503 718 6

142 748 310 798 Tulingi,
334 748 400 799 qui
432 749 638 788 hominum
670 750 827 788 milibus
858 750 1008 788 circiter
1037 761 1093 787 xv
1121 762 1261 799 agmen
1291 749 1464 788 hostiurn

85 820 125 843 10
142 813 379 851 claudebant
409 820 446 851 et
475 813 695 852 novissimis
716 814 911 863 praesidio
938 822 1057 860 erant,
1081 827 1127 852 ex
1153 813 1289 851 itinere
1310 821 1464 852 nostros

142 877 260 914 latere
278 884 414 926 aperto
433 877 601 927 aggressi
617 878 917 924 circumvenere,
937 885 974 916 et
990 877 1030 916 id
1047 877 1262 926 conspicati
1278 877 1462 923 Helvetii,

141 940 209 989 qui
240 940 279 978 in
307 949 483 979 montem
515 955 600 980 sese
627 949 864 992 receperant,
887 955 1017 980 rursus
1045 941 1187 979 instare
1214 948 1252 979 et
1272 941 1463 991 proelium

142 1003 400 1053 redintegrare
432 1013 654 1054 coeperunt.
715 1006 887 1044 Romani
918 1018 1106 1044 conversa
1140 1005 1249 1054 signa
1282 1005 1503 1054 bipertito?

142 1067 377 1106 intulerunt:
418 1068 544 1117 prima
574 1077 612 1107 et
643 1071 817 1108 secunda
848 1069 962 1116 acies,
985 1077 1027 1108 ut
1046 1069 1158 1108 victis
1184 1082 1230 1107 ac
1257 1069 1464 1108 summotis

86 1140 122 1171 ¹5
143 1130 358 1178 resisteret3
397 1132 518 1177 tertia,
541 1139 583 1170 ut
602 1133 793 1172 venientis
817 1134 1033 1172 sustineret.

198 1196 258 1232 Ita
294 1195 454 1244 ancipiti
492 1196 641 1245 proelio
679 1196 747 1235 diu
785 1205 902 1246 atque
944 1197 1082 1235 acriter
1127 1205 1345 1247 pugnatum
1392 1205 1460 1236 est.
1483 1196 1537 1233 26

145 1257 301 1295 Diutius
339 1271 429 1296 cum
468 1259 658 1298 sustinere
697 1268 918 1299 nostrorum
957 1261 1127 1310 impetus
1166 1275 1246 1300 non
1289 1270 1462 1311 possent,

142 1321 250 1359 alteri
282 1335 333 1368 se,
365 1330 407 1360 ut
442 1330 662 1372 coeperant,
696 1323 736 1361 in
776 1332 952 1362 montem
991 1332 1233 1374 receperunt,
1266 1326 1375 1363 alteri
1413 1327 1464 1364 ad

143 1385 424 1434 impedimenta
444 1393 482 1424 et
503 1400 630 1425 carros
652 1399 743 1424 suos
771 1400 811 1425 se
839 1388 1099 1425 contulerunt.
1160 1389 1263 1426 Nam
1285 1389 1361 1426 hoc
1381 1395 1465 1427 toto
1488 1399 1501 1419 2

86 1459 125 1481 20
143 1448 302 1498 proelio,
325 1462 414 1487 curn
446 1450 497 1487 ab
529 1451 624 1488 hora
654 1450 819 1499 septima
844 1452 895 1489 ad
922 1464 1127 1501 vesperum
1157 1459 1374 1501 pugnatum
1405 1452 1463 1498 sit,

142 1525 319 1550 aversum
346 1514 501 1551 hostem
528 1513 660 1552 videre
692 1527 810 1552 nemo
839 1514 976 1563 potuit.
1036 1515 1101 1553 Ad
1123 1516 1285 1552 multam
1308 1523 1465 1554 noctem
1488 1526 1504 1555 ἲ.

144 1575 259 1613 etiarn
289 1577 340 1614 ad
369 1576 653 1626 impedimenta
681 1585 896 1627 pugnatum
928 1585 996 1624 est,
1026 1586 1231 1628 propterea
1257 1581 1365 1628 quod
1396 1593 1466 1629 pro

143 1640 244 1677 vallo
282 1653 410 1678 carros
449 1640 685 1688 obiecerant,
726 1649 763 1679 et
802 1655 823 1679 e
861 1643 950 1680 loco
989 1642 1186 1691 superiore
1224 1642 1264 1680 in
1313 1651 1466 1681 nostros

143 1703 333 1741 venientis
354 1705 430 1742 tela
455 1704 686 1752 coiciebant,
710 1713 748 1743 et
775 1718 855 1743 non
883 1706 977 1743 nulli
1003 1705 1102 1744 inter
1129 1719 1257 1744 carros
1284 1714 1466 1757 rotasque

86 1779 124 1810 ²5
144 1773 308 1804 mataras
342 1780 387 1805 ac
425 1769 592 1817 tragulas
632 1768 877 1807 subiciebant
917 1776 1150 1819 nostrosque
1197 1771 1462 1810 vulnerabant.

146 1829 224 1868 Diu
258 1843 349 1868 cum
381 1839 482 1870 esset
516 1840 743 1882 pugnatum,
775 1832 1068 1882 impedimentis
1099 1834 1312 1883 castrisque
1343 1835 1465 1873 nostri
1485 1846 1505 1875 4

144 1894 256 1941 potiti
288 1902 386 1932 sunt.
449 1895 510 1932 Ibi
535 1896 771 1945 Orgetorigis
802 1896 880 1934 filia
908 1904 1026 1946 atque
1052 1910 1154 1935 unus
1178 1911 1200 1935 e
1220 1897 1308 1935 filiis
1329 1906 1465 1948 captus

144 1965 211 1995 est.
272 1959 330 1995 Ex
363 1971 411 1996 eo
444 1959 592 2007 proelio
627 1959 776 1997 circiter
810 1960 1015 1998 hominum
1050 1960 1156 1998 milia
1189 1973 1302 1999 cxxx
1338 1975 1466 2011 super·
1486 1973 1502 2002 5

145 2022 309 2066 fuerunt,
332 2034 457 2070 eaque
476 2029 558 2060 tota
578 2029 694 2060 nocte
710 2023 956 2061 continenter
972 2024 1098 2061 ierunt
1115 2039 1121 2061 :
1152 2026 1299 2062 nullam
1316 2032 1464 2074 partem

86 2098 126 2129 30
145 2084 270 2122 noctis
309 2084 445 2123 itinere
490 2085 711 2124 intermisso
755 2086 794 2123 in
835 2087 921 2124 finis
961 2087 1184 2136 Lingonum
1225 2088 1288 2125 die
1326 2096 1465 2138 quarto

145 2156 413 2197 pervenerunt,
450 2161 539 2186 cum
575 2156 612 2186 et
643 2156 799 2198 propter
837 2152 996 2188 vulnera
1035 2150 1201 2188 militum
1236 2158 1273 2189 et
1308 2159 1465 2201 propter

145 2213 383 2260 sepulturam
416 2212 635 2250 occisorum
664 2213 784 2250 nostri
811 2213 983 2251 triduum
1005 2214 1141 2251 morati
1164 2227 1231 2251 eos
1252 2215 1362 2264 sequi
1384 2228 1463 2252 non

189 2323 208 2352 3
225 2313 411 2343 inflexisset
426 2313 620 2353 Oudendorp
636 2326 641 2343 :
661 2315 837 2345 inflixisset
848 2315 883 2345 X
936 2326 970 2345 11
991 2316 1244 2347 circumvenere
1254 2316 1358 2346 ABR
1366 2317 1442 2347 TL⁷²
1458 2329 1464 2347 τ

145 2357 387 2386 circumvenire
404 2355 494 2386 ΜΗ]
583 2366 621 2386 21
648 2367 801 2387 aversum
819 2358 851 2387 A
871 2368 945 2388 corr.
967 2358 998 2388 B
1014 2369 1086 2389 forr.
1104 2371 1108 2389 :
1135 2360 1309 2389 adversum
1327 2360 1363 2389 X
