1768 2739
416 165 489 200 DE
521 162 700 200 BELLO
731 162 975 199 GALLICO
1008 163 1108 199 LIB.
1144 163 1201 199 IV

148 275 294 314 iniuriis
325 281 533 324 querantur
563 280 600 311 et
629 285 650 310 a
681 286 722 310 se
751 271 934 310 auxilium
966 279 1123 321 petant:
1166 273 1241 310 hoc
1277 286 1318 310 se
1354 272 1468 312 Ubiis

147 341 435 389 imperaturum.

202 404 336 454 Legati
356 405 452 442 haec
473 416 514 441 se
534 403 584 441 ad
605 415 696 440 suos
718 403 904 440 relaturos
926 401 1105 440 dixerunt
1133 410 1170 440 et
1197 415 1237 440 re
1258 402 1469 440 deliberata
1491 410 1519 448 9

147 476 235 518 post
274 468 378 507 diem
417 467 573 505 tertium
606 467 657 505 ad
697 467 906 506 Caesarem
946 479 1188 504 reversuros:
1237 466 1384 505 interea
1422 481 1471 505 ne

108 546 125 577 5
147 532 306 583 propius
327 546 367 571 se
388 539 512 570 castra
528 538 702 569 moveret
721 530 927 580 petierunt.
988 532 1050 568 Ne
1079 530 1119 568 id
1144 530 1306 580 quidem
1327 531 1472 570 Caesar
1494 545 1507 565 2

145 599 196 636 ab
236 611 277 636 se
316 596 511 646 impetrari
548 609 666 646 posse
704 596 809 634 dixit.
871 597 1118 645 Cognoverat
1149 595 1254 634 enim
1289 609 1471 645 magnam
1493 609 1510 638 3

145 669 295 712 partem
340 660 536 711 equitatus
574 661 626 698 ab
659 660 714 698 eis
752 659 902 710 aliquot
941 659 1081 698 diebus
1124 667 1216 698 ante
1254 660 1472 710 praedandi

147 726 491 776 frumentandique
511 739 629 764 causa
643 726 695 763 ad
708 725 973 763 Ambivaritos
993 732 1099 763 trans
1117 726 1274 763 Mosam
1288 725 1447 764 missam
1464 741 1471 764 :

147 792 220 829 hos
254 790 467 841 exspectari
506 790 656 840 equites
698 798 817 840 atque
864 789 947 827 eius
992 789 1045 827 rei
1085 802 1203 828 causa
1238 803 1387 828 moram
1417 790 1473 828 in-

92 873 130 895 10
149 855 301 906 terponi
321 855 589 893 arbitrabatur.

203 922 320 959 Mosa
338 919 495 971 profluit
521 933 567 958 ex
594 926 728 958 monte
749 921 918 969 Vosego,
941 919 1008 969 qui
1029 926 1087 958 est
1106 919 1146 958 in
1167 919 1311 958 finibus
1334 918 1473 969 Lingo-
1492 924 1538 952 10

148 999 254 1032 num,
279 993 316 1023 et
348 992 455 1035 parte
481 985 651 1035 quadam
680 998 727 1023 ex
756 985 900 1023 Rheno
926 992 1094 1034 recepta,
1128 997 1229 1034 quae
1256 985 1473 1033 appellatur

148 1051 328 1096 Vacalus,
376 1049 544 1087 insulam
592 1048 708 1087 efficit
756 1051 1004 1095 Batavorum,
1045 1061 1175 1098 neque
1222 1048 1375 1099 longius
1422 1049 1472 1086 ab
1493 1065 1508 1085 2

151 1114 313 1152 Oceano
334 1114 490 1152 milibus
511 1127 697 1163 passuum
719 1125 833 1151 LXXX
854 1113 894 1151 in
916 1115 1103 1152 Rhenum
1124 1113 1260 1151 influit.
1308 1115 1473 1151 Rhenus
1493 1122 1512 1152 3

95 1190 130 1221 15
149 1186 278 1217 autem
319 1179 439 1217 oritur
476 1192 523 1217 ex
562 1178 774 1228 Lepontiis,
811 1178 879 1228 qui
913 1178 1024 1227 Alpis
1062 1178 1249 1224 incolunt,
1287 1185 1324 1216 et
1356 1179 1473 1227 longo

149 1243 275 1292 spatio
308 1256 377 1293 per
414 1243 501 1281 finis
541 1243 813 1289 Nantuatium‚
856 1242 1140 1289 Helvetiorum,
1185 1244 1470 1292 Sequanorum,

151 1308 508 1355 Mediomatricum,
530 1308 803 1354 Tribocorum,
825 1309 1083 1346 Treverorum
1112 1307 1251 1345 citatus
1279 1309 1396 1346 fertur
1423 1315 1470 1354 et,
1492 1322 1512 1351 4

148 1372 215 1410 ubi
247 1373 409 1411 Oceano
439 1372 777 1422 appropinquavit,
800 1371 839 1409 in
872 1372 990 1421 pluris
1023 1372 1158 1410 defluit
1190 1372 1318 1421 partis,
1344 1372 1474 1410 multis

148 1436 449 1487 ingentibusque
483 1437 618 1475 insulis
650 1436 807 1483 effectis,
841 1449 1005 1486 quarum
1040 1450 1127 1486 pars
1162 1450 1302 1486 magna
1335 1450 1357 1474 a
1387 1436 1474 1474 feris

91 1514 130 1535 20
149 1501 400 1551 barbarisque
421 1502 645 1540 nationibus
662 1501 854 1548 incolitur,
873 1515 919 1539 ex
939 1501 1082 1551 quibus
1103 1509 1193 1539 sunt
1214 1501 1281 1551 qui
1301 1500 1474 1551 piscibus
1494 1514 1510 1544 5

148 1573 265 1615 atque
286 1566 368 1604 ovis
388 1566 517 1604 avium
539 1566 666 1604 vivere
687 1565 965 1612 existimantur,
989 1565 1200 1616 multisque
1221 1565 1414 1616 capitibus
1436 1566 1473 1603 in

149 1631 353 1669 Oceanum
374 1631 509 1669 influit.

203 1696 347 1734 Caesar
367 1709 455 1733 cum
484 1696 534 1733 ab
561 1697 673 1734 hoste
701 1708 780 1733 non
814 1696 981 1745 amplius
1010 1708 1196 1746 passuum
1227 1707 1287 1732 ΧΠ
1319 1695 1476 1733 milibus
1496 1708 1530 1735 11

149 1760 314 1806 abesset,
337 1767 378 1798 ut
399 1768 477 1798 erat
499 1760 767 1806 constitutum,
789 1761 839 1798 ad
861 1773 951 1798 eum
978 1760 1093 1809 legati
1114 1767 1356 1798 revertuntur
1370 1775 1380 1807 ,-
1410 1760 1477 1809 qui

92 1837 129 1868 25
150 1824 188 1861 in
219 1824 355 1862 itinere
386 1824 582 1874 congressi
621 1837 858 1874 magnopere
901 1838 951 1862 ne
989 1824 1142 1874 longius
1181 1825 1477 1874 progrederetur

151 1889 324 1927 orabant.
385 1890 487 1928 Cum
517 1889 557 1927 id
587 1903 666 1927 non
698 1889 981 1939 impetrassent,
1014 1890 1202 1939 petebant
1235 1889 1291 1927 uti
1324 1891 1374 1928 ad
1409 1902 1476 1927 eos
1497 1907 1512 1928 2

151 1954 301 2003 equites
351 1954 417 2003 qui
478 1967 618 2003 agmen
676 1954 976 1993 antecessissent
1020 1953 1285 2004 praemitteret
1330 1967 1477 2004 eosque

151 2031 281 2068 pugna
311 2018 545 2068 prohiberet,
579 2018 732 2068 sibique
766 2027 807 2056 ut
839 2026 1072 2068 potestatem
1105 2020 1248 2057 faceret
1278 2018 1317 2056 in
1349 2018 1477 2058 Ubios

152 2084 298 2132 legatos
343 2082 548 2130 mittendi,
599 2096 767 2132 quorum
812 2083 843 2121 si
880 2083 1075 2133 principes
1120 2097 1165 2122 ac
1209 2090 1365 2121 senatus
1404 2083 1476 2122 sibi
1498 2099 1515 2130 3

93 2159 132 2189 30
152 2146 232 2184 iure
262 2147 427 2185 iurando
457 2148 575 2185 fidem
606 2147 769 2194 fecisset,
801 2161 846 2186 ea
874 2147 1110 2186 condicione
1140 2161 1240 2197 quae
1267 2161 1290 2185 a
1311 2148 1477 2186 Caesare

152 2212 311 2249 ferretur
335 2225 375 2249 se
403 2225 540 2250 usuros
560 2213 843 2251 ostendebant:
873 2214 924 2251 ad
944 2214 1015 2251 has
1036 2226 1094 2251 res
1116 2212 1381 2251 conficiendas
1403 2212 1475 2250 sibi

199 2326 211 2345 1
239 2326 276 2345 se
302 2316 397 2346 Ubiis
419 2321 463 2347 λε
502 2317 615 2347 suebis
637 2328 677 2347 a:
717 2327 753 2347 se
783 2318 825 2348 ab
851 2318 936 2348 ubiis
956 2320 978 2352 β
1115 2327 1152 2356 13
1178 2317 1319 2348 insulam
1343 2317 1474 2347 Aldus:

153 2358 362 2398 insulamque
388 2358 477 2390 MT:
517 2359 659 2390 insulam
691 2370 777 2399 quae
801 2359 870 2391 ΑΒ
1015 2364 1088 2400 post
1114 2361 1317 2391 Batavorum
1341 2360 1415 2391 add.
1443 2361 1474 2391 in

153 2401 328 2432 Oceanum
346 2403 452 2433 influit
469 2401 526 2432 X:
552 2402 607 2435 del.
626 2402 738 2435 Aldus
871 2414 911 2434 22
936 2403 1051 2434 defluit
1067 2415 1087 2433 α
1102 2415 1109 2434 :
1133 2403 1251 2435 diffluit
1267 2405 1290 2437 β
