1768 2739
672 145 716 184 C.
751 146 867 183 IVLI
899 146 1167 184 CAESARIS

221 269 334 306 ¹qque
365 257 417 295 ad
456 269 502 295 ea
539 255 727 295 sacrificia
766 255 970 295 druidibus
1010 262 1195 304 utuntur,-
1242 259 1360 307 quod,
1402 272 1472 309 pro
1506 260 1583 297 vita

257 320 428 359 hominis
456 320 530 359 nisi
557 320 728 359 hominis
753 321 831 359 vita
858 322 1051 368 reddatur,
1077 335 1156 359 non
1187 335 1302 372 posse
1331 323 1496 362 deorum
1517 323 1584 362 im-

258 385 481 424 mortalium
512 399 660 424 numen
691 385 834 436 placari
864 386 1108 433 arbitrantur,
1139 386 1376 437 publiceque
1406 388 1582 428 eiusdem

216 464 235 494 4
255 449 408 499 generis
428 450 576 488 habent
592 450 768 488 instituta
784 450 981 488 sacrificia.
1042 450 1119 489 Alii
1137 451 1296 489 immani
1315 452 1584 502 magnitudine

256 513 464 553 simulacra
483 515 640 562 habent,
664 528 832 564 quorum
853 522 1034 554 contexta
1061 515 1272 555 viminibus
1293 517 1469 556 membra
1489 517 1584 556 vivis

257 579 486 617 hominibus
506 581 707 629 complent
725 593 735 626 5
765 579 908 628 quibus
929 579 1126 618 succensis
1152 580 1405 619 circumventi
1426 583 1584 620 flamma

215 659 232 689 5
258 643 529 682 exanimantur
560 644 751 682 homines,
811 644 1009 694 Supplicia
1044 658 1179 683 eorum
1218 645 1286 695 qui
1312 645 1351 683 in
1382 647 1484 684 furto
1517 655 1584 685 aut

257 707 297 745 in
318 708 523 746 latrocinio
546 715 614 746 aut
637 708 769 758 aliqua
795 708 910 746 noxia
937 708 1015 746 sint
1041 710 1314 759 comprehensi
1338 711 1504 760 gratiora
1524 711 1584 750 dis

258 771 544 811 immortalibus
572 786 657 811 esse
686 773 930 819 arbitrantur,
961 775 1040 820 sed,
1071 787 1161 812 cum
1186 774 1268 813 eius
1295 775 1446 824 generis
1470 776 1586 826 copia

257 837 401 884 deficit,
425 837 543 875 etiam
563 839 615 875 ad
635 837 907 876 innocentium
928 838 1120 888 supplicia
1140 840 1398 878 descendunt.

192 911 235 950 17
312 904 444 940 Deum
472 902 640 941 maxime
669 903 910 941 Mercurium
937 905 1081 941 colunt.
1144 903 1275 942 Huius
1303 912 1392 942 sunt
1419 905 1585 955 plurima

256 967 472 1014 simulacra,
514 968 620 1006 hunc
650 967 827 1006 omniurn
855 968 1099 1007 inventorem
1129 968 1270 1007 artium
1300 971 1437 1017 ferunt,
1479 971 1585 1008 hunc

256 1032 406 1070 viarum
430 1040 549 1082 atque
573 1032 756 1071 itinerum
783 1033 936 1080 ducem,
969 1034 1076 1072 hunc
1106 1035 1157 1072 ad
1182 1042 1366 1083 quaestus
1394 1034 1585 1084 pecuniae

219 1115 232 1135 2
257 1104 573 1146 mercaturasque
587 1098 732 1136 habere
744 1097 824 1135 vim
840 1097 1051 1136 maximam
1070 1097 1313 1137 arbitrantur.
1364 1100 1459 1138 Post
1478 1100 1584 1137 hunc

257 1161 485 1211 Apollinem
516 1169 554 1200 et
590 1164 760 1201 Martem
806 1169 844 1200 et
876 1164 1014 1201 Iovem
1052 1170 1090 1201 et
1123 1163 1353 1202 Minervam.
1429 1165 1491 1202 De
1525 1163 1584 1201 his

257 1228 426 1265 eandem
465 1227 545 1265 fere
594 1240 714 1277 quam
759 1226 931 1277 reliquae
968 1234 1104 1277 gentes
1143 1228 1291 1267 habent
1328 1227 1584 1278 opinionem:

257 1290 485 1340 Apollinem
526 1291 686 1330 morbos
729 1292 938 1342 depellere,
987 1291 1208 1330 Minervam
1255 1306 1420 1343 operum
1467 1300 1586 1343 atque

257 1355 510 1393 artificiorum
554 1355 664 1394 initia
719 1357 879 1402 tradere,
933 1357 1071 1394 Iovem
1111 1356 1318 1406 imperium
1357 1356 1584 1396 caelestium

221 1432 238 1461 3
259 1427 401 1467 tenere,
429 1422 598 1459 Martem
629 1421 732 1459 bella
761 1434 901 1470 regere.
963 1420 1082 1468 Huic,
1106 1434 1196 1459 cum
1225 1421 1374 1471 proelio
1398 1421 1585 1460 dimicare

259 1484 556 1531 constituerunt,
580 1498 625 1523 ea
650 1498 751 1534 quae
778 1485 883 1523 bello
909 1484 1084 1534 ceperint
1108 1487 1338 1535 plerumque
1362 1487 1584 1525 devovent:

259 1563 361 1599 quae
392 1549 667 1599 superaverint,
708 1549 891 1587 animalia
929 1557 1043 1599 capta
1082 1549 1297 1597 immolant,
1339 1550 1585 1601 reliquasque

219 1628 238 1657 4
260 1627 319 1652 res
341 1614 380 1651 in
401 1627 524 1652 unum
546 1615 677 1652 locum
702 1615 918 1652 conferunt.
981 1613 1118 1652 Multis
1145 1614 1184 1652 in
1206 1614 1426 1653 civitatibus
1447 1616 1585 1653 harum

259 1691 387 1716 rerum
411 1685 627 1716 exstructos
658 1680 831 1717 tumulos
855 1678 951 1716 locis
978 1678 1214 1717 consecratis
1244 1679 1462 1730 conspicari
1483 1679 1582 1727 licet,

219 1757 236 1788 5
259 1756 389 1792 neque
427 1756 544 1793 saepe
581 1743 725 1781 accidit
765 1750 806 1781 ut
845 1744 1022 1792 neglecta
1061 1743 1256 1792 quispiam
1295 1744 1481 1794 religione
1518 1752 1586 1783 aut

258 1814 372 1857 capta
395 1808 502 1857 apud
526 1820 568 1846 se
599 1809 795 1846 occultare
824 1815 890 1846 aut
920 1807 1047 1857 posita
1073 1809 1208 1847 tollere
1239 1809 1410 1856 auderet,
1447 1809 1586 1859 gravis-

258 1872 481 1921 simumque
501 1872 537 1910 ei
557 1871 610 1910 rei
631 1871 867 1922 supplicium
889 1885 979 1910 cum
1000 1871 1173 1911 cruciatu
1194 1873 1451 1912 constitutum
1472 1882 1540 1913 est.

195 1937 238 1974 18
313 1936 415 1975 Galli
435 1949 476 1975 se
497 1950 634 1975 omnes
655 1937 705 1974 ab
724 1937 815 1975 Dite
843 1944 950 1986 patre
977 1945 1188 1987 prognatos
1209 1938 1446 1988 praedicant,
1465 1939 1586 1991 idque

222 2017 235 2037 2
257 2001 307 2038 ab
341 1999 557 2039 Druidibus
597 2001 796 2051 proditum
837 2001 984 2040 dicunt.
1044 2002 1109 2040 Ob
1145 2016 1231 2041 eam
1264 2016 1421 2041 causam
1461 2006 1586 2055 spatia

257 2065 385 2103 omnis
406 2065 591 2115 temporis
614 2080 693 2104 non
723 2080 888 2106 numero
922 2066 1074 2105 dierum
1107 2069 1177 2106 sed
1209 2068 1385 2107 noctium
1420 2070 1586 2118 finiunt3

1607 854 1645 875 10

1607 1179 1643 1210 15

1606 1503 1645 1525 20

1606 1822 1644 1853 ²5

257 2130 340 2168 dies
374 2130 512 2168 natalis
547 2138 585 2169 et
617 2145 797 2171 mensum
832 2140 871 2171 et
908 2146 1102 2171 annorum
1136 2133 1245 2171 initia
1283 2132 1337 2172 sic
1376 2134 1584 2174 observant
1604 2149 1644 2180 30

222 2202 299 2239 gut
338 2203 495 2234 noctem
531 2196 614 2234 dies
651 2199 921 2248 subsequatur.
984 2199 1031 2236 In
1071 2198 1228 2248 reliquis
1266 2198 1368 2237 vitae
1398 2198 1584 2238 institutis

259 2260 334 2296 hoe
364 2261 442 2298 fere
471 2261 520 2299 ab
551 2262 708 2311 reliquis
741 2263 924 2302 differunt
953 2263 1062 2313 quod
1087 2275 1179 2301 suos
1209 2262 1361 2310 liberos,
1389 2263 1462 2301 nisi
1493 2278 1582 2302 cum

303 2376 320 2394 2
339 2366 400 2395 nisi
423 2367 469 2396 U:
490 2378 554 2396 non
574 2369 637 2399 nisi
654 2380 693 2398 a:
719 2380 783 2399 om.
806 2369 846 2399 T¹
912 2372 987 2408 post
1004 2378 1105 2408 posse
1122 2367 1195 2398 add.
1215 2367 1311 2398 aliter
1327 2370 1350 2402 β
1443 2367 1463 2396 8
1480 2367 1582 2396 noxia

259 2407 355 2438 A‘T:
383 2421 471 2441 noxa
489 2411 570 2441 B'U
655 2423 696 2451 30
720 2423 870 2443 mensum
890 2412 989 2443 B²R2
1008 2422 1181 2444 mensuum
1198 2412 1242 2442 Β1
1259 2423 1265 2442 :
1290 2412 1453 2442 mensium
1469 2410 1538 2444 A'ss
