1768 2739
601 146 645 183 C.
684 146 799 183 IVLI
832 146 1098 184 CAESARIS

186 258 265 296 suis
295 257 617 307 praedicaverunt
649 265 687 295 et
714 264 861 308 quanta
895 260 1062 307 praedae
1092 259 1296 298 faciendae
1324 268 1443 310 atque
1473 261 1511 299 in

186 330 417 372 perpetuum
440 322 498 360 sui
520 322 710 360 liberandi
733 324 895 361 facultas
915 324 1081 369 daretur,
1101 323 1131 361 si
1154 325 1358 363 Romanos
1379 325 1513 364 castris

146 393 165 425 6
185 386 435 436 expulissent,
468 387 845 425 demonstraverunt.
908 386 984 425 His
1018 388 1133 425 rebus
1168 388 1343 427 celeriter
1372 402 1513 439 magna

186 451 437 489 multitudine
467 450 663 500 peditatus
693 451 970 502 equitatusque
1000 460 1137 490 coacta
1167 453 1219 491 ad
1251 461 1375 491 castra
1400 467 1513 492 vene-

184 523 282 553 runt.
1532 528 1549 558 5

114 588 165 626 35
239 581 383 619 Caesar
421 579 493 618 etsi
532 579 638 618 idem
679 581 788 629 quod
827 580 1092 630 superioribus
1138 581 1279 620 diebus
1317 582 1512 620 acciderat

184 646 266 683 fore
289 644 458 691 videbat,
482 651 534 691 ut,
558 644 590 683 si
619 652 751 683 essent
776 646 909 683 hostes
938 645 1051 694 pulsi,
1075 646 1270 685 celeritate
1294 647 1511 696 periculum

141 710 146 715 “
184 711 407 758 effugerent,
424 716 557 747 tamen
578 716 716 747 nactus
733 709 884 758 equites
905 709 1056 747 circiter
1076 722 1176 757 XXX,
1192 723 1292 759 quos
1306 711 1512 750 Commius

183 773 363 820 Atrebas,
395 775 445 812 de
479 786 559 822 quo
592 781 683 811 ante
717 773 867 811 dictum
902 781 970 820 est,
1005 787 1139 812 secum
1172 782 1510 824 transportaverat,

148 853 163 873 2
184 837 356 888 legiones
384 837 423 875 in
453 837 537 875 acie
562 851 634 887 pro
661 837 794 876 castris
824 838 1035 876 constituit.
1096 838 1321 877 Commisso
1349 839 1509 888 proelio,
1534 849 1572 872 10

184 901 330 940 diutius
365 910 587 940 nostrorum
619 901 787 940 militum
819 902 1011 952 impetum
1043 903 1176 941 hostes
1209 904 1306 941 ferre
1337 916 1418 942 non
1447 916 1513 952 po-

148 979 165 1008 3
184 974 341 1005 tuerunt
385 980 431 1005 ac
476 974 582 1017 terga
626 975 833 1005 verterunt.
908 968 1020 1016 Quos
1064 975 1175 1006 tanto
1222 968 1349 1018 spatio
1389 968 1513 1006 secuti

184 1039 375 1082 quantum
406 1045 521 1070 cursu
551 1039 589 1070 et
615 1032 762 1070 viribus
793 1032 945 1070 efficere
974 1039 1198 1082 potuerunt,
1225 1033 1438 1083 compluris
1467 1047 1514 1071 ex

184 1097 239 1135 eis
283 1096 523 1143 occiderunt,
565 1096 711 1136 deinde
751 1096 936 1135 omnibus
976 1098 1092 1146 longe
1130 1098 1287 1148 lateque
1324 1097 1513 1136 aedificiis

184 1161 353 1200 incensis
381 1175 421 1199 se
451 1161 490 1199 in
520 1168 646 1199 castra
673 1169 914 1211 receperunt.
1536 1173 1571 1204 15

112 1222 166 1268 36
240 1227 393 1264 Eodem
416 1225 480 1264 die
500 1225 615 1275 legati
635 1226 687 1264 ab
707 1226 887 1264 hostibus
912 1226 1019 1265 missi
1043 1228 1094 1265 ad
1116 1227 1325 1267 Caesarem
1346 1228 1396 1265 de
1417 1240 1514 1277 pace

148 1305 163 1326 2
185 1298 384 1328 venerunt.
447 1290 521 1328 His
547 1292 692 1330 Caesar
723 1305 930 1330 numerum
960 1292 1146 1330 obsidum
1178 1305 1297 1341 quem
1326 1299 1417 1330 ante
1446 1291 1514 1330 im-

185 1363 384 1405 peraverat
414 1355 627 1404 duplicavit
658 1369 807 1406 eosque
836 1356 875 1394 in
910 1356 1181 1395 continentem
1210 1356 1355 1395 adduci
1390 1356 1510 1402 iussit,

185 1421 293 1469 quod
331 1419 552 1469 propinqua
596 1420 661 1458 die
704 1420 928 1470 aequinocti
971 1420 1134 1458 infirmis
1178 1420 1343 1459 navibus
1392 1420 1511 1459 hiemi

149 1495 166 1524 3
186 1483 473 1533 navigationem
502 1483 773 1522 subiciendam
796 1497 876 1522 non
897 1484 1153 1523 existimabat.
1215 1487 1306 1535 Ipse
1327 1485 1512 1524 idoneam
1534 1501 1573 1522 20

185 1555 457 1597 tempestatem
479 1556 616 1586 nactus
637 1550 755 1598 paulo
775 1556 864 1598 post
885 1549 1056 1587 mediam
1078 1556 1235 1588 noctem
1258 1550 1365 1587 navis
1386 1549 1511 1595 solvit,

146 1628 167 1659 4
186 1625 286 1662 quae
307 1625 444 1651 omnes
466 1612 684 1652 incolumes
704 1615 755 1652 ad
776 1613 1045 1652 continentem
1067 1621 1326 1663 pervenerunt
1342 1629 1351 1661 3
1378 1615 1447 1652 sed
1468 1628 1514 1652 ex

185 1676 240 1714 eis
265 1676 464 1715 onerariae
491 1678 593 1715 duae
618 1678 780 1715 eosdem
811 1690 911 1727 quos
945 1677 1083 1727 reliqui
1104 1685 1239 1728 portus
1267 1691 1405 1728 capere
1433 1691 1512 1717 non

186 1749 396 1791 potuerunt
418 1749 455 1780 et
476 1743 595 1792 paulo
615 1742 714 1780 infra
734 1743 887 1780 delatae
907 1750 1009 1781 sunt.

117 1812 165 1851 37
240 1806 395 1854 Quibus
428 1820 474 1844 ex
505 1807 670 1845 navibus
705 1820 793 1845 cum
829 1815 959 1846 essent
990 1807 1155 1858 expositi
1187 1807 1328 1846 milites
1363 1807 1514 1846 circiter
1535 1825 1571 1855 25

186 1871 348 1910 trecenti
380 1879 498 1922 atque
528 1872 566 1909 in
595 1880 720 1910 castra
746 1874 1043 1920 contenderent,
1067 1873 1224 1921 Morini,
1249 1886 1348 1923 quos
1370 1875 1514 1913 Caesar

187 1937 225 1974 in
258 1936 498 1975 Britanniam
529 1937 781 1986 proficiscens
811 1945 971 1987 pacatos
1001 1938 1219 1988 reliquerat,
1247 1951 1317 1988 spe
1346 1940 1514 1988 praedae

186 2002 347 2039 adducti
380 2001 506 2051 primo
536 2015 616 2040 non
646 2002 699 2040 ita
737 2015 880 2052 magno
910 2016 1070 2041 suorum
1099 2016 1265 2041 numero
1293 2003 1515 2041 circumste-

188 2073 317 2104 terunt
347 2079 405 2113 ac,
431 2066 462 2104 si
492 2080 577 2105 sese
609 2066 773 2105 interfici
805 2068 965 2114 nollent,
991 2080 1098 2106 arma
1126 2081 1273 2117 ponere
1307 2067 1510 2105 iusserunt.

154 2138 170 2159 2
190 2131 292 2169 Cum
313 2130 367 2168 illi
388 2131 483 2169 orbe
510 2132 614 2169 facto
638 2145 722 2170 sese
743 2132 1010 2178 defenderent,
1033 2132 1209 2170 celeriter
1231 2133 1282 2170 ad
1302 2133 1513 2170 clamorem
1533 2147 1572 2177 30

188 2194 395 2233 hominum
421 2195 571 2234 circiter
594 2195 700 2234 milia
721 2209 787 2234 sex
807 2203 1085 2234 convenerunt.
1147 2197 1237 2244 Qua
1260 2209 1300 2234 re
1324 2195 1511 2242 nuntiata,

154 2271 171 2300 3
190 2260 334 2297 Caesar
357 2273 516 2298 omnem
538 2274 584 2298 ex
604 2260 738 2299 castris
759 2261 975 2310 equitatum
1003 2260 1082 2299 suis
1108 2260 1251 2298 auxilio
1278 2260 1391 2298 misit.
1451 2261 1514 2297 In-

189 2323 301 2360 terim
332 2324 453 2361 nostri
483 2324 624 2363 milites
663 2325 854 2375 impetum
893 2325 1066 2363 hostium
1101 2325 1366 2363 sustinuerunt
1395 2331 1513 2373 atque

190 2386 356 2435 amplius
395 2387 500 2424 horis
540 2396 723 2437 quattuor
756 2388 964 2427 fortissime
998 2396 1267 2438 pugnaverunt
1302 2395 1339 2425 et
1378 2387 1511 2436 paucis
