1768 2739
419 170 493 207 DE
524 170 704 207 BELLO
734 169 979 207 GALLICO
1011 170 1112 206 LIB.
1145 171 1227 206 VII

157 286 242 318 tuto
268 279 416 329 proelio
442 293 487 317 ac
514 278 675 329 repulsis
702 278 881 317 hostibus
908 292 955 317 eo
980 293 1058 329 quo
1084 279 1304 318 Labienum
1326 280 1481 318 miserat

155 343 358 382 contendit
373 358 383 392 3
402 342 571 382 cohortis
593 355 655 381 1111
678 356 724 381 ex
743 342 920 393 proximo
941 344 1100 381 castello
1117 343 1287 390 deducit,
1306 343 1481 394 equitum

154 416 305 458 partem
330 422 371 448 se
397 407 518 458 sequi,
544 414 692 458 partem
720 406 923 445 circumire
947 407 1154 446 exteriores
1181 408 1419 447 munitiones
1444 416 1481 446 et

153 473 204 511 ab
234 480 341 522 tergo
370 471 492 511 hostis
521 471 662 510 adoriri
691 471 810 509 iubet.
871 471 1080 518 Labienus,
1111 479 1321 522 postquam
1350 486 1480 522 neque
1501 482 1518 512 3

117 545 133 576 5
153 549 310 586 aggeres
333 550 462 587 neque
482 537 608 575 fossae
627 535 705 573 vim
727 535 899 574 hostium
921 535 1110 574 sustinere
1125 543 1316 586 poterant,
1334 536 1479 575 coactis

156 601 258 645 †una
283 606 363 641 XL†
392 599 630 646 cohortibus,
657 614 753 651 quas
777 614 823 639 ex
852 600 1036 650 proximis
1063 600 1264 651 praesidiis
1289 602 1479 640 deductas

152 666 230 702 fors
265 664 417 711 obtulit,
458 665 666 704 Caesarem
702 678 771 715 per
808 664 966 703 nuntios
1009 665 1100 703 facit
1139 665 1343 705 certiorem
1381 667 1478 717 quid

152 728 375 767 faciendum
396 728 597 768 existimet.
657 730 861 768 Accelerat
882 731 1036 777 Caesar,
1059 738 1102 769 ut
1121 731 1270 781 proelio
1290 731 1450 770 intersit.

208 793 302 832 Eius
330 795 501 833 adventu
531 808 577 833 ex
606 796 736 833 colore
765 794 926 833 vestitus
956 795 1126 845 cognito,
1161 809 1240 845 quo
1269 795 1410 845 insigni
1440 796 1479 834 in
1499 798 1551 835 88

96 871 133 892 10
151 857 306 907 proeliis
327 858 382 896 uti
402 866 619 906 consuerat,
641 859 857 909 turmisque
878 859 1055 909 equitum
1080 867 1118 897 et
1142 859 1369 898 cohortibus
1389 860 1480 899 visis

151 936 248 972 quas
274 935 315 961 se
334 922 445 972 sequi
468 922 640 970 iusserat,
663 931 704 961 ut
725 924 775 962 de
795 923 890 961 locis
911 923 1174 973 superioribus
1195 925 1293 962 haec
1314 924 1480 963 declivia

150 995 188 1025 ct
202 989 349 1026 devexa
365 988 633 1034 cernebantur,
649 989 780 1027 hostes
797 988 989 1038 proelium
1006 988 1270 1027 committunt.
1333 989 1478 1028 Utrim-
1501 1006 1514 1026 2

150 1065 227 1100 que
254 1053 423 1090 clamore
449 1052 603 1090 sublato
630 1052 771 1101 excipit
801 1066 929 1090 rursus
957 1066 1002 1090 ex
1026 1054 1128 1090 vallo
1154 1060 1272 1102 atque
1293 1053 1477 1092 omnibus

151 1115 434 1154 munitionibus
451 1117 606 1154 clamor.
658 1116 791 1154 Nostri
808 1115 960 1154 omissis
977 1115 1063 1166 pilis
1077 1116 1214 1166 gladiis
1228 1130 1309 1155 rem
1325 1126 1474 1167 gerunt.

93 1191 129 1222 15
152 1182 331 1230 Repente
369 1188 458 1230 post
496 1188 646 1230 tergum
684 1180 879 1230 equitatus
920 1180 1113 1228 cernitur,-
1160 1182 1342 1220 cohortes
1380 1182 1477 1221 aliae
1499 1197 1516 1226 3

148 1244 473 1295 appropinquant.
534 1247 682 1284 Hostes
699 1253 804 1294 terga
819 1252 1037 1283 verterunt:
1068 1244 1305 1295 fugientibus
1327 1246 1477 1296 equites

148 1318 381 1348 occurrunt:
423 1311 465 1348 fit
500 1323 640 1360 magna
671 1311 821 1348 caedes.
900 1309 1092 1356 Sedulius‚
1126 1311 1205 1348 dux
1232 1317 1270 1348 et
1297 1310 1476 1361 princeps
1497 1328 1517 1358 4

148 1373 415 1421 Lemovicum,
432 1373 623 1413 occiditur
640 1389 649 1422 3
679 1373 1063 1412 Vercassivellaunus
1084 1376 1280 1412 Arvernus
1308 1374 1416 1413 vivus
1437 1375 1491 1413 in·

147 1439 237 1487 fuga
256 1438 629 1489 comprehenditur3
670 1438 779 1488 signa
805 1438 983 1477 militaria
1009 1450 1159 1476 LXX1111
1186 1440 1238 1478 ad
1265 1440 1475 1479 Caesarem

91 1517 129 1538 20
147 1504 384 1541 referuntur:
431 1503 545 1554 pauci
573 1517 619 1542 ex
642 1510 752 1542 tanto
780 1517 945 1542 numero
972 1516 1013 1541 se
1039 1503 1256 1542 incolumes
1284 1503 1323 1541 in
1352 1511 1476 1542 castra

147 1566 347 1617 recipiunt.
407 1567 635 1616 Conspicati
662 1581 709 1605 ex
735 1567 884 1617 oppido
909 1568 1072 1606 caedem
1097 1574 1136 1606 et
1162 1569 1293 1617 fugam
1315 1581 1474 1606 suorum
1494 1586 1512 1618 5

146 1631 351 1681 desperata
370 1632 493 1669 salute
514 1631 646 1681 copias
673 1645 696 1670 a
723 1630 1007 1669 munitionibus
1028 1632 1231 1670 reducunt.
1309 1631 1370 1669 Fit
1390 1645 1475 1682 pro-
1493 1639 1513 1672 6

147 1694 250 1732 tinus
284 1696 357 1733 hac
391 1708 431 1733 re
457 1695 590 1734 audita
623 1709 670 1734 ex
699 1695 832 1734 castris
860 1697 1063 1734 Gallorum
1092 1696 1192 1747 fuga.
1253 1697 1374 1744 Quod
1400 1695 1475 1735 nisi

147 1758 290 1797 crebris
314 1758 497 1797 subsidiis
518 1772 562 1797 ac
590 1759 708 1798 totius
736 1759 814 1799 diei
840 1760 973 1799 labore
999 1759 1140 1799 milites
1168 1768 1297 1798 essent
1318 1760 1472 1807 defessi,

90 1833 126 1863 25
147 1836 284 1861 omnes
304 1823 477 1862 hostium
501 1824 637 1873 copiae
664 1824 784 1863 deleri
808 1825 1036 1875 potuissent.
1100 1827 1162 1863 De
1188 1825 1320 1864 media
1355 1832 1473 1864 nocte
1496 1842 1512 1874 7

146 1887 286 1926 missus
311 1887 504 1938 equitatus
528 1889 785 1927 novissimum
814 1903 955 1939 agmen
990 1889 1268 1940 consequitur:
1310 1903 1473 1940 magnus

146 1965 330 1990 numerus
351 1952 501 2002 capitur
519 1960 636 2003 atque
656 1953 894 2001 interficitur,
910 1953 1047 2004 reliqui
1064 1967 1110 1992 ex
1130 1955 1219 2004 fuga
1239 1953 1279 1991 in
1299 1953 1473 1993 civitates

146 2015 363 2054 discedunt.

201 2082 362 2119 Postero
382 2080 446 2119 die
466 2081 758 2132 Vercingetorix
778 2082 942 2122 consilio
962 2090 1180 2122 convocato
1199 2082 1240 2121 id
1262 2083 1407 2120 bellum
1428 2095 1469 2121 se
1488 2087 1544 2133 89

88 2160 127 2191 30
146 2144 363 2194 suscepisse
383 2158 463 2183 non
484 2159 639 2185 suarum
660 2147 936 2186 necessitatum
952 2148 1022 2187 sed
1042 2146 1263 2185 communis
1284 2146 1470 2185 libertatis

146 2223 262 2248 causa
293 2210 534 2248 demonstrat
565 2217 614 2258 et,
645 2211 832 2261 quoniam
867 2211 914 2250 sit
944 2213 1122 2251 fortunae
1151 2212 1387 2257 cedendum,
1418 2212 1469 2250 ad
1492 2229 1506 2250 2

189 2317 209 2345 3
233 2317 269 2338 se
286 2311 360 2338 ante
377 2308 471 2347 sequi
490 2318 555 2340 om.
572 2320 592 2338 α
727 2310 748 2338 6
773 2319 839 2340 una
856 2319 900 2340 XL
917 2307 978 2339 B‘:
1004 2319 1070 2340 una
1088 2309 1129 2339 de
1147 2318 1190 2339 XL
1214 2307 1280 2338 A':
1307 2308 1348 2338 de
1366 2318 1410 2339 XL
1426 2310 1469 2343 B:

146 2361 212 2381 una
229 2361 264 2381 XI
284 2351 468 2382 Ciaccom'us
576 2361 612 2389 14
638 2352 769 2382 emissis
786 2354 808 2386 Β
901 2353 940 2383 16
962 2356 1099 2382 vertunt
1122 2352 1151 2382 T
1250 2361 1287 2390 17
1313 2352 1471 2382 Sedulius

146 2396 190 2427 B:
215 2394 400 2425 Asedullus
416 2406 437 2424 α
572 2396 609 2424 18
635 2395 849 2426 Lemovicum
867 2397 909 2429 B:
936 2400 1171 2426 remustuma:
1197 2393 1470 2426 Aremoricorum

147 2436 319 2467 Sclmez'dcr
421 2447 462 2477 29
486 2438 625 2469 consilio
643 2436 742 2469 AB‘:
769 2438 911 2470 concilio
928 2438 990 2474 Μβ
1091 2449 1134 2478 30
1158 2439 1412 2470 necessitatium
1430 2436 1473 2468 B‘

190 2490 331 2512 CAESAR.
351 2491 416 2512 B.G.
1346 2483 1386 2512 13
