1768 2739
816 183 859 218 A.
896 182 1058 217 HIR'I‘I

208 300 255 339 27
331 294 484 331 Eodem
507 300 683 343 tempore
705 293 747 331 C.
774 291 917 329 Fabius
944 294 1092 341 legatus
1123 291 1334 342 compluris
1363 291 1536 330 civitates
1563 293 1602 331 in

276 357 394 395 fidem
423 357 568 406 recipit,
592 356 797 395 obsidibus
828 357 953 394 firmat
984 356 1197 405 litterisque
1228 358 1270 394 (J.
1300 346 1441 395 Canini
1472 357 1602 395 Rebili

275 423 318 459 fit
357 422 496 460 certior
534 435 633 471 quae
672 421 711 459 in
752 421 981 459 Pictonibus
1019 428 1209 470 gerantur.
1295 420 1450 469 Quibus
1488 421 1604 459 rebus

240 501 254 522 2
276 487 440 537 cognitis
479 486 735 537 proficiscitur
767 487 820 524 ad
852 485 1038 524 auxilium
1072 485 1237 523 Duratio
1276 487 1491 524 ferendum.
1552 487 1604 524 At

277 554 520 599 Dumnacus,
545 553 716 590 adventu
741 551 837 589 Fabi
862 550 1029 601 cognito,
1060 551 1263 600 desperata
1291 552 1423 598 salute,
1453 550 1484 589 si
1510 558 1605 589 tem-

274 630 370 666 pore
399 618 541 655 eodem
561 623 720 654 coaetus
741 623 843 654 esset
870 622 908 653 et
936 617 1164 653 Romanum
1191 623 1393 653 externum
1414 615 1604 653 sustinere

275 682 431 719 hostem
452 688 490 718 et
509 680 700 730 respicere
719 693 765 718 ac
786 679 924 717 timere
945 679 1177 729 oppidanos,
1200 687 1359 729 repente
1380 693 1426 718 ex
1447 692 1494 717 eo
1514 680 1603 717 loco

274 758 367 782 cum
396 744 519 794 copiis
549 744 696 782 recedit
725 757 798 782 nec
828 757 870 781 se
899 743 990 781 satis
1020 750 1149 781 tutum
1179 745 1260 781 fore
1284 743 1497 790 arbitratur,
1530 743 1603 781 nisi

274 809 423 846 flumen
462 808 642 858 Ligerim,
676 809 784 858 quod
824 814 904 845 erat
942 814 1063 857 ponte
1101 815 1259 857 propter
1292 807 1603 857 magnitudinem

238 885 256 915 3
275 874 567 919 transeundum,
601 872 733 922 copias
763 871 1005 910 traduxisset.
1067 871 1221 919 Fabius,
1255 872 1327 910 etsi
1356 873 1534 910 nondum
1563 871 1604 910 in

274 945 531 987 conspectum
552 945 710 975 venerat
729 937 909 975 hostibus
931 950 1060 987 neque
1081 950 1122 976 se
1143 936 1312 976 Caninio
1338 937 1601 984 coniunxerat,

274 1009 407 1040 tamen
436 1003 576 1039 doctus
600 1002 650 1039 ab
678 1001 732 1039 eis
760 1001 827 1051 qui
856 1003 1033 1040 locorum
1063 1009 1251 1040 noverant
1281 1009 1459 1039 naturam
1489 1001 1605 1052 potis-

274 1065 418 1103 simum
439 1065 604 1104 credidit
624 1065 746 1104 hostis
767 1066 988 1116 perterritos
1010 1079 1101 1104 eum
1127 1068 1259 1104 locum
1280 1080 1396 1116 quem
1418 1067 1605 1116 petebant

235 1146 256 1177 4
274 1130 472 1180 petituros.
535 1132 676 1180 Itaque
695 1144 787 1169 cum
807 1130 930 1181 copiis
950 1132 1002 1169 ad
1022 1132 1193 1170 eundem
1217 1138 1380 1181 pontem
1401 1131 1605 1169 contendit

274 1195 572 1245 equitatumque
592 1203 746 1234 tantum
772 1197 986 1246 procedere
1012 1203 1104 1234 ante
1130 1210 1272 1246 agmen
1296 1196 1461 1245 imperat
1488 1195 1605 1245 legio-

274 1273 380 1307 num,
400 1268 591 1309 quantum
612 1273 702 1298 cum
723 1260 987 1310 processisset,
1009 1260 1094 1299 sine
1113 1260 1392 1311 defetigatione
1412 1274 1604 1310 equorum

235 1339 252 1369 5
274 1323 313 1361 in
335 1325 474 1363 eadem
495 1337 537 1362 se
557 1324 746 1374 reciperet
766 1332 900 1362 castra.
963 1326 1271 1375 Consequuntur
1291 1325 1442 1375 equites
1468 1325 1600 1372 nostri,

273 1396 315 1426 ut
332 1395 411 1426 erat
428 1397 691 1439 praeceptum,
709 1388 979 1439 invaduntque
997 1389 1195 1427 Dumnaci
1211 1402 1352 1438 agmen
1369 1396 1406 1427 et
1422 1389 1603 1439 fugientis

272 1452 574 1502 perterritosque
596 1453 668 1490 sub
690 1452 849 1490 sarcinis
877 1452 916 1490 in
944 1453 1080 1492 itinere
1101 1453 1269 1503 aggressi
1291 1466 1432 1503 magna
1457 1456 1603 1504 praeda

272 1516 404 1554 multis
425 1516 636 1555 interfectis
657 1516 869 1567 potiuntur.
945 1518 1005 1555 Ita
1032 1531 1071 1555 re
1099 1519 1200 1556 bene
1221 1526 1327 1567 gesta
1349 1531 1389 1556 se
1411 1519 1603 1569 recipiunt

272 1582 311 1618 in
332 1589 465 1620 castra.

201 1647 251 1685 28
329 1646 559 1695 Insequenti
579 1653 695 1684 nocte
725 1646 869 1685 Fabius
897 1647 1047 1697 equites
1069 1647 1279 1697 praemittit
1301 1647 1355 1686 sic
1381 1656 1536 1699 paratos
1561 1658 1603 1687 ut

272 1709 526 1759 confligerent
546 1718 664 1760 atque
684 1723 803 1750 omne
829 1725 970 1762 agmen
998 1720 1249 1759 morarentur,
1273 1714 1369 1751 dum
1391 1726 1604 1764 conseque-

235 1791 249 1811 2
272 1781 375 1811 retur
394 1773 486 1824 ipse.
547 1774 670 1813 Cuius
686 1775 903 1825 praeceptis
924 1783 966 1814 ut
986 1789 1045 1814 res
1058 1783 1253 1826 gereretur
1269 1777 1317 1824 Q.
1333 1776 1447 1815 Atius
1463 1779 1599 1826 Varus,

271 1839 488 1887 praefectus
506 1838 694 1888 equitum,
713 1839 914 1888 singularis
932 1847 970 1878 et
990 1840 1109 1878 animi
1126 1847 1164 1878 et
1179 1840 1410 1889 prudentiae
1426 1841 1490 1888 vir,
1510 1855 1602 1880 suos

271 1903 445 1941 hortatur
457 1916 678 1953 agmenque
694 1903 866 1942 hostium
883 1913 1118 1943 consecutus
1135 1912 1280 1943 turmas
1293 1905 1433 1955 partim
1449 1906 1602 1945 idoneis

234 1981 251 2011 3
270 1967 366 2005 locis
380 1967 561 2018 disponit,
581 1968 721 2018 partim
739 1969 915 2018 equitum
932 1969 1125 2019 proelium
1141 1970 1361 2009 committit.
1413 1971 1602 2021 Confligit

270 2030 456 2069 audacius
478 2031 673 2081 equitatus
695 2032 869 2071 hostium
889 2033 1195 2072 succedentibus
1211 2033 1285 2072 sibi
1305 2034 1514 2084 peditibus,
1534 2035 1601 2085 qui

270 2102 354 2133 toto
374 2095 529 2145 agmine
550 2096 805 2136 subsistentes
826 2097 1024 2147 equitibus
1045 2098 1123 2136 suis
1144 2105 1280 2136 contra
1300 2106 1454 2137 nostros
1475 2101 1602 2137 ferunt

233 2159 467 2203 4auxilium.
541 2160 603 2199 Fit
634 2162 825 2212 proelium
857 2162 935 2200 acri
969 2162 1191 2201 certamine.
1266 2163 1451 2213 Namque
1479 2163 1601 2202 nostri

271 2224 507 2275 contemptis
528 2225 652 2275 pridie
679 2227 867 2277 superatis
894 2227 1086 2275 hostibus,
1109 2241 1200 2266 cum
1221 2227 1408 2278 subsequi
1428 2228 1600 2278 legiones

314 2327 335 2356 6
356 2331 430 2367 post
454 2328 643 2360 Romanum
668 2329 743 2362 add.
769 2335 802 2361 et
828 2341 869 2360 a:
897 2330 956 2361 del.
981 2330 1025 2361 ed.
1044 2341 1061 2360 1
1139 2335 1172 2362 et
1193 2331 1385 2362 Romanum
1409 2331 1542 2363 hostem
1567 2337 1601 2362 et

273 2374 451 2401 externum
473 2372 642 2403 sustinere
658 2375 681 2406 Β
794 2384 815 2412 9
834 2374 971 2404 flumine
990 2374 1102 2413 Ligeri
1118 2385 1139 2403 α
1255 2384 1292 2413 13
1313 2378 1387 2415 post
1401 2375 1599 2414 perterritos

272 2412 345 2443 add.
366 2424 435 2443 non
453 2426 473 2444 α
585 2425 624 2453 24
649 2415 748 2447 Atius
768 2416 929 2447 Ursinus:
954 2418 1082 2448 titatius
1099 2417 1136 2447 X
1245 2427 1285 2455 27
1311 2423 1405 2456 parte
1422 2417 1601 2458 szperdw

274 2465 316 2494 29
341 2457 599 2489 subsistentibus
615 2470 634 2488 α
768 2470 805 2498 31
833 2461 1001 2499 superatis
1014 2460 1057 2499 D,
1074 2460 1259 2491 ciacconius
1273 2473 1280 2491 τ
1305 2461 1538 2501 superatisque
1554 2461 1592 2491 X

1626 887 1665 909 10

1626 1209 1663 1242 15

1625 1534 1663 1554 20

1624 1856 1661 1888 25

1622 2177 1660 2206 30
