1768 2739
424 149 496 186 DE
528 148 706 186 BELLO
737 147 981 185 GALLICO
1014 148 1113 184 LIB.
1149 148 1207 184 IV

207 261 254 297 In
275 260 413 297 eadem
440 271 557 297 causa
583 259 736 295 suerunt
758 256 942 306 Usipetes
964 264 1000 295 et
1021 257 1215 304 Tencteri,
1238 270 1337 307 quos
1358 270 1474 307 supra
1492 266 1518 303 4

151 323 330 371 diximus,
353 323 420 373 qui
447 322 657 372 compluris
688 335 814 360 annos
842 322 1061 360 Sueborum
1087 322 1164 360 vim
1194 322 1471 368 sustinuerunt,

150 389 201 426 ad
222 396 436 427 extremum
457 394 587 426 tamen
608 386 707 436 agris
735 386 883 436 expulsi
904 394 942 424 et
970 386 1100 424 multis
1122 386 1217 425 locis
1239 386 1474 424 Germaniae

150 452 360 491 triennium
391 452 517 502 vagati
547 453 597 490 ad
631 453 817 490 Rhenum
844 458 1103 500 pervenerunt
1118 465 1128 498 3
1167 464 1264 500 quas
1295 450 1473 500 regiones
1500 465 1514 485 2

113 527 128 558 5
152 517 328 566 Menapii
359 517 583 555 incolebant
613 523 650 554 et
687 517 738 555 ad
769 523 974 565 utramque
1003 515 1126 565 ripam
1154 514 1325 553 fluminis
1348 527 1472 563 agrOS‚

149 581 337 628 aedificia,
359 581 546 630 vicosque
572 581 773 619 habebant
788 595 798 628 3
827 581 896 619 sed
923 588 1053 618 tantae
1083 578 1344 617 multitudinis
1364 577 1473 617 aditu
1499 589 1516 618 3

149 645 337 695 perterriti
379 658 426 683 ex
464 645 519 684 eis
564 645 753 684 aedificiis
791 658 892 694 quae
931 652 1035 682 trans
1075 645 1221 682 flumen
1255 643 1474 681 habuerant

149 709 471 759 demigraverunt,
489 716 527 747 et
547 709 602 747 cis
620 710 805 747 Rhenum
823 708 1020 758 dispositis
1036 707 1237 757 praesidiis
1255 709 1474 746 Germanos

149 774 309 812 transire
347 774 619 824 prohibebant.
692 773 753 812 Illi
786 773 919 812 omnia
950 773 1106 822 experti,
1141 785 1231 810 cum
1270 784 1399 821 neque
1436 771 1474 809 vi
1497 782 1516 811 4

93 851 133 873 10
149 840 388 878 contendere
419 846 577 888 propter
610 838 785 887 inopiam
824 837 981 876 navium
1015 850 1143 886 neque
1178 838 1278 874 clam
1312 835 1475 874 transire

149 911 306 953 propter
339 903 536 941 custodias
572 902 849 952 Menapiorum
879 909 1050 952 possent,
1082 900 1220 939 reverti
1247 914 1287 938 se
1316 899 1355 938 in
1386 913 1475 938 suas

151 968 263 1005 sedes
301 967 558 1017 regionesque
591 966 870 1005 simulaverunt
909 973 947 1004 et
986 965 1103 1004 tridui
1141 965 1243 1003 viam
1282 964 1475 1014 progressi

149 1045 279 1070 rursus
320 1039 569 1078 reverterunt,
617 1039 735 1081 atque
782 1030 891 1069 omni
928 1032 1005 1069 hoc
1050 1030 1187 1069 itinere
1233 1043 1312 1068 una
1359 1036 1475 1068 nocte
1497 1039 1514 1070 5

151 1095 326 1145 equitatu
350 1097 532 1134 confecto
560 1095 705 1134 inscios
734 1095 1054 1145 inopinantisque
1085 1094 1294 1145 Menapios
1319 1107 1476 1144 oppres-

93 1173 130 1206 15
151 1167 293 1207 serunt,
334 1160 401 1210 qui
444 1162 494 1199 de
542 1161 828 1199 Germanorum
875 1160 1050 1199 discessu
1098 1172 1166 1208 per
1213 1160 1474 1208 exploratores
1496 1166 1515 1197 6

150 1224 332 1263 certiores
352 1224 443 1263 facti
464 1225 548 1263 sine
575 1232 682 1262 metu
708 1232 813 1262 trans
845 1226 1031 1262 Rhenum
1059 1223 1098 1261 in
1126 1236 1217 1262 suos
1238 1223 1344 1262 vicos
1365 1223 1475 1261 remi-

149 1296 360 1338 graverant.
432 1289 508 1327 His
547 1289 757 1327 interfectis
799 1288 1043 1337 navibusque
1081 1301 1217 1326 eorum
1260 1287 1473 1337 occupatis,
1499 1298 1515 1331 7

150 1353 254 1402 prius
282 1367 399 1404 quam
435 1367 480 1391 ea
511 1367 598 1403 pars
627 1353 904 1402 Menapiorum
929 1365 1031 1402 quae
1057 1352 1152 1390 citra
1178 1353 1365 1390 Rhenum
1395 1360 1475 1390 erat

150 1418 289 1456 certior
327 1419 445 1465 fieret,
486 1419 633 1456 flumen
672 1417 917 1463 transierunt,
957 1424 1076 1466 atque
1114 1416 1300 1455 omnibus
1339 1429 1475 1455 eorum

93 1496 132 1518 20
149 1482 336 1521 aedificiis
358 1482 558 1532 occupatis
579 1481 768 1532 reliquam
795 1488 946 1532 partem
972 1480 1113 1520 hiemis
1134 1494 1175 1519 se
1195 1494 1331 1520 eorum
1352 1481 1475 1531 copiis

148 1547 336 1584 aluerunt.

205 1611 280 1648 His
310 1612 359 1649 de
389 1611 504 1649 rebus
535 1612 679 1650 Caesar
708 1610 847 1650 certior
872 1612 996 1649 factus
1027 1618 1064 1648 et
1091 1609 1357 1648 infirmitatem
1388 1611 1476 1648 Gal-
1494 1622 1518 1660 5

151 1676 276 1713 lorum
307 1675 459 1722 veritus,
483 1676 591 1724 quod
621 1682 711 1713 sunt
743 1675 781 1712 in
812 1674 984 1713 consiliis
1011 1674 1213 1724 capiendis
1241 1674 1407 1713 mobiles
1438 1683 1475 1713 et

151 1740 261 1778 novis
296 1741 526 1789 plerumque
560 1739 675 1777 rebus
714 1740 884 1786 student,
921 1738 1016 1776 nihil
1051 1738 1110 1776 his
1145 1738 1474 1777 committendum

93 1818 130 1849 ²5
151 1804 391 1842 existimavit.
453 1806 522 1842 Est
561 1803 665 1842 enim
701 1805 776 1842 hoc
816 1803 990 1841 Gallicae
1023 1803 1320 1841 consuetudinis
1352 1803 1407 1842 uti
1437 1811 1475 1841 et
1498 1821 1511 1841 2

152 1868 315 1906 viatores
348 1868 464 1906 etiam
503 1868 644 1906 invitos
676 1867 888 1906 consistere
920 1874 1061 1916 cogant
1090 1874 1128 1905 et
1162 1868 1270 1917 quod
1309 1867 1475 1917 quisque

152 1946 286 1970 eorum
322 1934 371 1971 de
403 1946 559 1983 quaque
593 1946 632 1970 re
665 1932 830 1970 audierit
856 1939 923 1970 aut
952 1931 1179 1981 cognoverit
1206 1940 1405 1982 quaerant,
1437 1940 1474 1970 et

152 2005 384 2035 mercatores
423 1992 462 2034 iii
497 1997 653 2047 oppidis
692 1998 828 2047 vulgus
867 1996 1135 2043 circumsistat,
1172 1997 1395 2046 quibusque
1429 2010 1475 2035 ex

151 2061 374 2110 regionibus
405 2061 561 2100 veniant
585 2074 761 2111 quasque
785 2061 839 2099 ibi
862 2074 921 2100 res
948 2061 1203 2111 cognoverint
1223 2061 1474 2111 pronuntiare

92 2144 132 2175 30
151 2133 302 2174 cogant.
364 2125 439 2163 His
471 2126 585 2164 rebus
617 2133 734 2175 atque
759 2125 1027 2164 auditionibus
1054 2125 1221 2175 permoti
1241 2126 1291 2163 de
1311 2125 1474 2164 summis
1495 2136 1512 2166 3

152 2204 268 2240 saepe
289 2191 404 2229 rebus
421 2190 583 2229 consilia
603 2190 739 2229 ineunt
760 2203 928 2240 quorum
944 2203 1012 2228 eos
1033 2189 1073 2227 in
1093 2189 1255 2239 vestigio
1275 2191 1473 2239 paenitere

152 2268 312 2293 necesse
333 2262 401 2301 est,
424 2268 514 2292 cum
536 2254 690 2293 incertis
717 2254 937 2293 rumoribus
966 2254 1132 2293 serviant
1153 2261 1191 2292 et
1222 2253 1396 2304 plerique
1422 2255 1472 2292 ad

150 2321 391 2357 voluntatem
412 2332 547 2357 eorum
568 2320 658 2357 ficta
677 2320 951 2368 respondeant.

200 2423 238 2452 18
255 2426 358 2452 erata
371 2432 377 2452 :
390 2422 446 2460 qui
463 2422 589 2461 (quieta
601 2420 757 2461 Scaltjger)
774 2421 805 2452 in
819 2421 888 2451 suis
899 2420 1034 2452 sedibus
1046 2425 1117 2451 erat
1131 2421 1153 2455 β
1235 2430 1276 2459 25
1294 2425 1404 2451 autem
1417 2419 1477 2457 R]

211 2491 351 2514 CAESAR.
372 2492 437 2514 ΒΑΕ.
1345 2486 1404 2517 5**
