1768 2739
780 162 825 197 A.
861 161 1027 197 HIRTI

238 280 362 311 castra
387 284 521 310 eorum
550 271 633 309 sine
661 271 914 310 dimicatione
944 270 1162 320 perniciosa
1189 284 1262 309 nec
1289 272 1420 310 locum
1448 270 1571 310 muni-

238 337 410 376 tionibus
450 336 580 375 claudi
614 336 687 374 nisi
726 350 749 374 a
784 336 929 374 maiore
969 335 1138 374 exercitu
1178 349 1304 386 posse,
1337 335 1482 374 litteras
1519 337 1571 375 ad

238 400 482 439 Trebonium
505 399 631 447 mittit,
656 408 697 437 ut
719 413 837 450 quain
866 399 1066 437 celerrime
1093 406 1225 449 posset
1247 398 1442 449 legionem
1463 411 1568 446 xm„

237 479 338 515 quae
390 478 481 503 cum
529 466 574 503 T.
626 464 758 503 Sextio
806 466 935 513 legato
983 464 1022 501 in
1072 463 1310 513 Biturigibus
1358 464 1567 511 hiemabat,

236 537 446 568 arcesseret
470 537 587 579 atque
615 529 667 567 ita
693 543 782 567 cum
808 529 930 567 tribus
954 528 1173 579 legionibus
1199 528 1348 578 magnis
1368 528 1570 567 itineribus
1589 540 1604 570 5

202 612 215 633 2
236 596 287 634 ad
308 608 349 633 se
369 594 541 642 veniret3
562 594 645 644 ipse
666 594 816 644 equites
837 594 876 631 in
893 593 1019 632 vicem
1042 595 1258 631 Remorum
1279 606 1324 632 ac
1346 592 1570 643 Lingonum

236 660 551 710 reliquarumque
572 659 783 706 civitatum,
807 672 973 708 quorum
1002 672 1187 709 magnum
1208 672 1415 697 numerum
1436 671 1572 696 evoca-

236 733 351 773 verat,
374 725 569 776 praesidio
589 724 909 774 pabulationibus
929 724 1058 771 mittit,
1078 724 1144 774 qui
1165 724 1312 763 subitas
1328 724 1569 763 incursiones

237 790 410 829 hostium
431 789 678 827 sustinerent.
989 831 992 834 y

175 866 218 894 12
292 855 414 904 Quod
438 868 529 893 cum
557 853 702 893 cotidie
730 855 838 892 fieret
869 867 914 892 ac
946 854 1023 892 iam
1055 853 1342 893 consuetudine
1369 854 1570 904 diligentia
1593 866 1629 888 10

238 919 488 966 minueretur,
518 920 627 969 quod
651 920 883 969 plerumque
912 919 1054 957 accidit
1079 918 1344 966 diuturnitate,
1371 919 1569 958 Bellovaci

236 985 389 1023 delecta
406 997 524 1022 manu
537 983 727 1034 peditum,
744 983 908 1034 cognitis
922 983 1155 1022 stationibus
1172 983 1379 1022 cotidianis
1393 984 1568 1033 equitum

200 1066 214 1087 2
237 1056 470 1096 nostrorum,
505 1048 745 1087 silvestribus
777 1048 872 1087 locis
905 1048 1064 1087 insidias
1097 1048 1313 1099 disponunt
1347 1049 1569 1098 eodemque

237 1114 388 1164 equites
423 1121 580 1164 postero
608 1113 672 1152 die
703 1113 871 1161 mittunt,
896 1113 962 1163 qui
992 1113 1161 1164 primum
1189 1114 1373 1153 elicerent
1402 1121 1566 1160 nostros,

200 1188 217 1218 3
237 1178 382 1218 deinde
403 1178 690 1218 circumventos
706 1180 1017 1229 aggrederentur.
1078 1179 1200 1218 Cuius
1217 1179 1308 1218 mali
1329 1192 1411 1218 sors
1431 1179 1568 1218 incidit
1591 1193 1626 1226 15

238 1244 385 1291 Remis,
409 1244 552 1294 quibus
574 1243 637 1282 ille
658 1243 741 1282 dies
766 1243 955 1294 fungendi
976 1244 1147 1283 muneris
1168 1245 1390 1283 obvenerat.
1451 1246 1570 1283 Nam-

237 1322 313 1359 que
343 1308 394 1355 hi,
427 1322 518 1347 curn
548 1316 709 1358 repente
743 1308 915 1346 hostium
948 1309 1098 1359 equites
1128 1309 1494 1348 animadvertissent
1523 1323 1568 1348 ac

239 1387 403 1412 numero
460 1373 677 1424 superiores
725 1372 963 1423 paucitatem
1006 1374 1346 1424 contempsissent,
1387 1374 1568 1424 cupidius

197 1438 402 1480 4insecuti
440 1438 639 1488 peditibus
678 1437 854 1488 undique
893 1445 983 1476 sunt
1022 1438 1263 1477 circumdati.
1342 1440 1435 1488 Quo
1464 1440 1568 1477 facto

236 1502 450 1552 perturbati
480 1502 642 1540 celerius
677 1515 795 1552 quarn
826 1504 1073 1541 consuetudo
1112 1505 1184 1542 fert
1223 1503 1412 1553 equestris
1445 1503 1567 1553 proeli
1591 1515 1629 1537 20

236 1581 278 1606 se
304 1575 533 1618 receperunt
563 1566 707 1605 amisso
736 1568 926 1615 Vertisco,
958 1568 1134 1619 principe
1164 1568 1338 1616 civitatis,
1371 1570 1568 1619 praefecto

199 1645 214 1674 5
237 1632 440 1682 equitum3
489 1631 555 1682 qui
590 1645 680 1669 cum
712 1631 774 1669 vix
807 1646 909 1682 equo
941 1640 1099 1683 propter
1131 1641 1300 1672 aetatem
1332 1640 1464 1683 posset
1498 1633 1565 1680 uti,

236 1705 367 1735 tamen
395 1696 682 1734 consuetudine
710 1697 911 1735 Gallorum
937 1711 1066 1747 neque
1093 1698 1229 1736 aetatis
1257 1697 1507 1736 excusatione
1527 1697 1567 1735 in

207 1761 485 1811 «suscipienda
519 1762 760 1811 praefectura
795 1775 886 1799 usus
919 1770 999 1800 erat
1033 1776 1162 1812 neque
1194 1762 1369 1801 dimicari
1409 1762 1492 1801 sine
1525 1775 1566 1801 se

196 1828 418 1864 6voluerat.
491 1827 790 1863 Inflammantur
829 1834 948 1876 atque
987 1826 1197 1865 incitantur
1235 1826 1406 1865 hostiurn
1445 1826 1566 1865 animi
1588 1841 1624 1872 ²5

235 1891 411 1928 secundo
435 1889 594 1940 proeliO,
618 1889 792 1940 principe
820 1899 858 1929 et
882 1893 1080 1941 praefecto
1106 1893 1323 1930 Remorum
1348 1891 1564 1938 interfecto,

197 1968 212 2001 7
234 1954 434 2004 nostrique
455 1954 691 1993 detrimento
711 1956 976 1993 admonentur
996 1955 1218 2005 diligentius
1244 1955 1449 2006 exploratis
1470 1955 1566 1994 locis

234 2019 420 2058 stationes
437 2019 646 2069 disponere
666 2033 711 2058 ac
733 2020 973 2059 moderatius
995 2022 1202 2059 cedentem
1224 2020 1376 2070 insequi
1397 2022 1562 2059 hostem.

170 2097 213 2134 13
288 2086 380 2122 Non
408 2083 668 2122 intermittunt
696 2084 850 2123 interim
879 2085 1076 2123 cotidiana
1106 2085 1252 2135 proelia
1280 2085 1320 2123 in
1350 2092 1565 2135 conspectu

232 2156 487 2199 utrorumque
522 2156 748 2196 castrorum,
773 2163 873 2199 quae
903 2151 954 2188 ad
987 2151 1087 2188 vada
1125 2150 1387 2200 transitusque
1418 2151 1564 2188 fiebant
1585 2165 1626 2195 30

196 2236 210 2256 2
232 2214 396 2263 paludis.
458 2215 548 2262 Qua
573 2214 827 2252 contentione
856 2215 1041 2253 Germani
1070 2228 1168 2265 quos
1195 2222 1400 2266 propterea
1421 2216 1565 2254 Caesar

275 2328 294 2347 2
320 2318 471 2357 nisi—15
495 2318 764 2358 aggrederentur
790 2329 855 2349 om.
883 2330 902 2348 a
993 2329 1009 2358 7
1036 2319 1218 2351 civitatium
1241 2319 1274 2350 U
1357 2329 1498 2359 quorum
1515 2319 1562 2350 ed.

235 2370 271 2389 1:
297 2372 438 2399 quarum
455 2364 478 2396 β
609 2372 647 2392 12
671 2362 803 2392 delecta
820 2361 865 2392 ed.
889 2373 900 2392 1
920 2374 927 2392 τ
974 2363 1104 2393 deiecta
1119 2364 1142 2397 β
1264 2373 1301 2401 14
1321 2367 1397 2402 post
1427 2367 1562 2394 nostros

230 2404 304 2434 lmb.
325 2405 468 2435 insidiae
493 2407 536 2439 B:
562 2405 620 2435 del.
639 2404 756 2435 LVln'lle
859 2416 896 2436 21
914 2410 989 2445 post
1000 2405 1154 2437 Vertiseo
1172 2405 1245 2437 add.
1266 2407 1431 2440 verutioss
1520 2415 1560 2444 25

233 2448 483 2478 inflammantur
499 2458 539 2478 u:
564 2448 724 2478 inflantur
739 2450 762 2482 β
