1706 2729
615 148 657 183 (f.
692 147 807 183 IVLI
840 147 1012 183 (JAESA
1024 147 1107 182 Rls

197 259 354 298 obsides
386 258 555 309 ipsorum
586 258 786 295 voluntate
814 257 958 304 datos;
1006 256 1241 306 stipendium
1272 268 1410 306 capere
1439 257 1519 295 iure

160 342 177 372 3
197 324 289 362 belli
319 324 428 374 quod
452 323 616 361 victores
646 322 756 360 victis
786 321 986 372 imponere
1015 321 1247 359 consuerint.
1319 322 1411 359 Non
1436 334 1520 360 sese

197 388 318 427 Gallis
360 390 429 427 sed
472 389 606 426 Gallos
649 387 721 425 sibi
759 388 905 425 bellum
946 386 1148 434 intulisse3
1195 385 1322 424 omnis
1371 385 1520 424 Galliae

196 453 369 491 civitates
403 454 453 491 ad
485 466 525 491 se
557 453 866 502 oppugnandum
896 451 1047 490 venisse
1085 464 1130 489 ac
1164 459 1299 489 contra
1327 463 1369 489 se
1397 458 1520 489 castra

196 517 404 566 habuisse:
446 531 510 556 eas
548 516 676 556 omnis
713 516 845 566 copias
881 530 904 554 a
935 529 976 554 se
1007 529 1086 554 uno
1117 515 1266 565 proelio
1305 516 1435 566 pulsas
1474 528 1519 554 ac

156 599 175 626 4
197 591 395 633 superatas
420 596 515 621 esse.
593 581 631 620 Si
662 581 802 620 iterum
831 580 991 631 experiri
1019 580 1148 627 velint,
1177 594 1218 619 se
1247 580 1386 619 iterum
1415 592 1520 631 para-

195 656 278 685 tum
309 661 393 686 esse
423 649 620 686 decertare
642 662 653 694 ,-
699 646 731 684 si
764 659 861 696 pace
895 646 951 684 uti
988 645 1118 693 velint,
1144 645 1321 696 iniquum
1356 658 1440 684 esse
1469 646 1520 684 de

195 712 391 762 stipendio
439 725 616 751 recusare
663 712 771 761 quod
819 724 888 749 sua
934 712 1134 749 voluntate
1180 711 1230 749 ad
1277 710 1317 749 id
1364 718 1519 760 tempus

158 792 174 822 5
193 778 461 827 pependerint.
539 776 764 814 Amicitiam
802 776 937 826 populi
977 776 1147 814 Romani
1186 775 1259 814 sibi
1288 784 1519 814 ornamento

194 849 231 878 et
261 841 466 891 praesidio,
489 855 569 880 non
590 841 836 887 detrimento,
859 854 943 879 esse
973 848 1162 890 oportere,
1186 840 1304 890 idque
1325 853 1365 878 se
1386 853 1431 878 ea
1451 853 1519 890 spe

192 904 345 954 petisse.
405 906 444 943 Si
470 919 539 955 per
558 907 748 955 populum
780 907 1006 943 Romanum
1040 905 1278 955 stipendium
1305 905 1520 943 remittatur

194 977 231 1007 et
258 969 430 1008 dediticii
453 971 739 1016 subtrahantur,
762 983 841 1008 non
870 970 998 1008 minus
1025 970 1189 1008 libenter
1216 983 1300 1008 sese
1327 978 1519 1008 recusatu-

155 1044 173 1074 6
193 1048 277 1071 rum
312 1035 445 1085 populi
491 1034 661 1073 Romani
699 1035 922 1081 amicitiam,
956 1048 1074 1084 quam
1105 1034 1317 1084 appetierit.
1397 1036 1517 1083 Quod

194 1099 484 1138 multitudinem
516 1101 802 1137 Germanorum
832 1099 871 1136 in
902 1099 1068 1137 Galliam
1099 1100 1284 1144 traducat,
1318 1099 1356 1136 id
1386 1112 1426 1137 se
1458 1099 1516 1136 sui

192 1163 407 1210 muniendi,
434 1177 512 1201 non
544 1163 693 1201 Galliae
723 1163 1010 1213 impugnandae
1041 1176 1156 1201 causa
1182 1164 1330 1201 facere:
1361 1162 1443 1201 eius
1464 1163 1515 1201 rei
1559 1178 1573 1208 ,τ

193 1226 458 1265 testimonium
491 1240 575 1265 esse
609 1227 825 1277 quodnisi
857 1235 1010 1277 rogatus
1042 1241 1122 1265 non
1156 1227 1313 1273 venerit,
1343 1235 1380 1265 et
1409 1228 1517 1277 quod

157 1291 338 1339 7bellum
369 1304 448 1328 non
479 1291 648 1329 intulerit
679 1292 748 1330 sed
778 1291 1004 1329 defenderit.
1065 1293 1113 1329 Se
1148 1291 1251 1341 prius
1281 1291 1319 1328 in
1350 1291 1516 1329 Galliam

192 1356 343 1393 venisse
375 1369 492 1405 quam
533 1357 722 1405 populum
759 1357 995 1393 Romanum.
1056 1357 1283 1405 Numquam
1322 1364 1412 1394 ante
1442 1357 1517 1394 hoc

191 1427 345 1469 tempus
367 1419 576 1457 exercitum
604 1419 738 1469 populi
766 1420 936 1457 Romani
958 1419 1107 1458 Galliae
1134 1420 1354 1470 provinciae
1375 1420 1517 1458 finibus

154 1498 171 1528 3
191 1497 398 1534 egressum.
478 1484 586 1532 Quid
635 1484 709 1522 sibi
746 1486 871 1530 vellet,
920 1498 988 1522 cur
1029 1485 1068 1522 in
1121 1498 1208 1523 suas
1250 1485 1516 1534 possessiones

192 1549 368 1587 veniret?
426 1548 671 1587 Provinciam
701 1562 812 1586 suam
842 1550 943 1586 hanc
973 1562 1057 1587 esse
1081 1549 1259 1596 Galliam,
1286 1549 1385 1587 sicut
1411 1549 1515 1587 illam

191 1621 373 1651 nostram.
435 1615 490 1652 Ut
517 1613 590 1662 ipsi
614 1613 779 1651 concedi
803 1626 883 1651 non
908 1621 1113 1663 oporteret,
1137 1613 1167 1651 si
1194 1613 1233 1650 in
1257 1621 1409 1652 nostros
1430 1614 1516 1651 finis

191 1678 383 1728 impetum
404 1679 558 1724 faceret,
581 1677 635 1715 sic
656 1677 749 1715 item
776 1691 848 1716 nos
873 1691 957 1716 esse
978 1677 1134 1727 iniquos
1156 1679 1264 1728 quod
1284 1678 1324 1716 in
1345 1691 1416 1716 suo
1435 1678 1517 1717 iure

152 1762 170 1793 9
191 1756 231 1781 se
252 1743 593 1793 interpellaremus.
655 1743 775 1790 Quod
796 1744 929 1780 fratres
945 1744 1107 1781 Aeduos
1127 1744 1341 1792 appellatos
1357 1743 1515 1790 diceret,

191 1821 269 1845 non
302 1821 342 1845 se
381 1815 459 1845 tam
498 1807 705 1845 barbarum
740 1820 870 1856 neque
903 1815 981 1844 tam
1016 1807 1236 1857 imperitum
1275 1820 1359 1845 esse
1390 1821 1516 1846 rerum
1557 1824 1572 1854 ,-

191 1881 231 1909 ut
266 1885 345 1910 non
384 1871 497 1910 sciret
539 1885 668 1921 neque
702 1872 806 1910 bello
845 1873 1102 1922 Allobrogum
1139 1871 1316 1922 proximo
1354 1873 1515 1911 Aeduos

192 1936 382 1974 Romanis
411 1936 596 1974 auxilium
618 1935 750 1974 tulisse
778 1949 906 1986 neque
927 1936 1032 1986 ipsos
1059 1937 1099 1973 in
1123 1936 1177 1974 eis
1198 1936 1516 1975 contentionibus

192 2014 288 2049 quas
337 2001 465 2038 Aedui
506 2014 638 2039 secum
679 2009 715 2038 et
755 2014 844 2039 cum
885 2001 1074 2051 Sequanis
1113 2001 1340 2040 habuissent
1373 2001 1516 2039 auxilio

133 2079 171 2101 10
190 2065 324 2114 populi
357 2066 527 2103 Romani
562 2079 652 2104 usos
688 2080 781 2104 esse.
862 2067 1017 2104 Debere
1051 2080 1091 2104 se
1123 2066 1307 2116 suspicari
1337 2066 1514 2104 simulata

1539 525 1556 555 5

1541 853 1578 874 10

1538 1500 1577 1522 20

192 2130 399 2168 Caesarem
435 2130 615 2177 amicitia,
649 2132 756 2180 quod
789 2131 998 2169 exercitum
1030 2131 1070 2168 in
1103 2131 1229 2169 Gallia
1268 2131 1420 2177 habeat,
1456 2130 1514 2168 sui
1535 2145 1574 2175 30

133 2209 166 2229 11
192 2194 439 2242 opprimendi
470 2208 586 2233 causa
612 2196 765 2233 habere.
828 2196 906 2244 Qui
934 2196 1006 2233 nisi
1038 2197 1203 2234 decedat
1229 2204 1346 2246 atque
1375 2195 1514 2233 exerci-

191 2265 273 2295 tum
305 2259 474 2297 deducat
503 2274 547 2297 ex
578 2259 637 2297 his
665 2259 899 2309 regionibus,
934 2274 1018 2298 sese
1045 2260 1153 2298 illum
1180 2273 1260 2298 non
1286 2273 1356 2309 pro
1385 2259 1512 2298 amico

638 2372 645 2387 l

509 2406 527 2433 3
553 2406 669 2427 omnes
686 2396 734 2427 B:
761 2406 879 2427 omnes
897 2400 960 2428 ceti.
1051 2407 1069 2434 5
1095 2406 1160 2427 uno
1178 2407 1196 2426 a
1213 2406 1249 2426 se
1266 2398 1288 2430 β
