1706 2729
81 851 119 872 10

75 1499 114 1521 20

70 2147 108 2177 30

419 145 491 182 DE
524 144 703 182 BELLO
735 144 981 182 GALLICO
1012 145 1114 182 LIB.
1150 145 1190 182 II

142 269 278 294 eorum
321 254 386 305 qui
428 268 518 293 cum
568 253 857 303 impedimentis
903 254 1112 293 veniebant
1155 257 1301 294 clamor
1342 256 1467 294 fremi—

142 327 282 370 tusque
321 319 524 366 oriebatur,
558 318 700 368 aliique
739 318 853 356 aliam
893 318 932 356 in
964 327 1112 369 partem
1153 320 1340 370 perterriti
1374 322 1467 360 fere-

142 385 290 422 bantur.
352 383 506 432 Quibus
540 383 722 421 omnibus
758 384 872 421 rebus
907 384 1072 433 permoti
1112 384 1261 434 equites
1295 384 1465 431 Treveri,
1487 395 1507 425 4

141 463 307 499 quorum
328 448 426 487 inter
447 450 580 487 Gallos
605 448 753 486 virtutis
781 448 914 498 opinio
942 456 998 487 est
1026 448 1237 499 singularis,
1265 449 1331 499 qui
1351 449 1467 487 auxili

140 528 256 552 causa
275 514 325 552 ab
346 513 500 552 civitate
529 514 580 551 ad
601 514 808 552 Caesarem
837 512 942 551 missi
963 521 1159 560 venerant,
1182 527 1272 551 cum
1298 513 1467 552 multitu-

139 578 231 617 dine
252 577 422 616 hostium
444 585 567 616 castra
587 577 773 627 compleri
795 586 935 627 nostra,
950 577 1123 628 legiones
1140 578 1262 628 premi
1284 586 1321 616 et
1341 592 1466 628 paene

138 642 420 681 circumventas
451 642 583 689 teneri,
613 644 779 689 calones,
808 643 969 693 equites,
1001 643 1227 689 funditores,
1258 643 1463 689 Numidas

138 707 309 746 diversos
336 707 621 758 dissipatosque
649 707 687 744 in
722 707 849 745 omnis
874 707 990 757 partis
1018 709 1148 757 fugere
1177 708 1375 754 vidissent,
1401 709 1465 746 de-

138 772 298 822 speratis
338 772 476 810 nostris
530 772 644 810 rebus
683 773 846 810 domum
893 773 1202 819 contenderunt3
1260 774 1500 812 Roman055

137 839 269 887 pulsos
299 844 588 887 superatosque,
622 837 754 875 castris
782 837 1152 887 impedimentisque
1179 850 1313 875 eorum
1342 837 1464 875 hostis

136 902 281 952 potitos
308 902 452 941 civitati
473 902 800 941 renuntiaverunt.

191 968 334 1006 Caesar
371 967 420 1005 ab
460 967 637 1005 decimae
683 966 844 1017 legionis
887 966 1157 1005 cohortatione
1194 967 1245 1005 ad
1285 967 1462 1005 dextrum
1484 978 1534 1015 25

135 1045 256 1069 cornu
284 1033 490 1081 profectus,
514 1031 580 1069 ubi
610 1044 701 1069 suos
733 1031 856 1081 urgeri
886 1031 1083 1081 signisque
1113 1031 1151 1069 in
1182 1044 1303 1069 unum
1332 1033 1461 1069 locum

135 1095 284 1133 collatis
305 1095 565 1134 duodecimae
595 1095 756 1145 legionis
787 1097 982 1134 confertos
1013 1095 1154 1134 milites
1181 1095 1253 1134 sibi
1282 1095 1385 1145 ipsos
1412 1097 1463 1134 ad

135 1174 305 1210 pugnam
337 1174 421 1199 esse
450 1160 735 1210 impedimento
758 1159 865 1207 vidit,
897 1168 1056 1210 quartae
1086 1160 1256 1198 cohortis
1277 1160 1462 1198 omnibus

134 1224 427 1263 centurionibus
457 1225 595 1263 occisis
625 1224 885 1275 signiferoque
915 1225 1129 1271 interfecto,
1161 1224 1271 1275 signo
1305 1224 1460 1271 amisso,

134 1289 367 1339 reliquarum
397 1289 615 1328 cohortium
649 1289 832 1328 omnibus
863 1291 940 1328 fere
969 1289 1263 1328 centurionibus
1292 1297 1358 1327 aut
1385 1291 1463 1327 vul-

133 1353 274 1392 neratis
303 1362 369 1392 aut
399 1354 548 1401 occisis,
571 1354 610 1391 in
639 1354 696 1392 his
724 1353 918 1404 primipilo
941 1356 980 1392 P.
1005 1354 1136 1392 Sextio
1158 1356 1316 1401 Baculo,
1342 1353 1462 1392 fortis-

133 1418 232 1457 simo
253 1418 343 1466 viro,
369 1419 498 1457 multis
522 1418 780 1469 gravibusque
801 1418 1024 1457 vulneribus
1045 1420 1237 1465 confecto,
1261 1425 1302 1456 ut
1324 1417 1398 1456 iam
1421 1433 1461 1456 se

133 1483 321 1522 sustinere
351 1497 431 1522 non
460 1491 602 1534 posset,
626 1483 794 1534 reliquos
824 1498 908 1522 esse
938 1483 1135 1530 tardiores,
1162 1491 1200 1522 et
1227 1496 1306 1521 non
1334 1484 1461 1521 nullos

132 1549 181 1587 ab
202 1548 422 1587 novissimis
447 1550 601 1588 deserto
628 1548 776 1599 proelio
803 1549 990 1588 excedere
1017 1562 1061 1587 ac
1086 1550 1162 1586 tela
1185 1547 1314 1594 vitare,
1339 1548 1460 1586 hostis

132 1627 259 1663 neque
279 1627 302 1651 a
322 1615 447 1651 fronte
471 1627 517 1652 ex
547 1613 725 1652 inferiore
747 1615 834 1651 loco
855 1612 1058 1651 subeuntis
1079 1611 1331 1651 intermittere
1352 1620 1388 1650 et
1410 1613 1459 1650 ab

132 1686 297 1727 utroque
326 1680 443 1716 latere
473 1678 626 1725 instare,
656 1686 693 1717 et
720 1691 800 1716 rem
831 1691 916 1716 esse
942 1678 981 1715 in
1008 1684 1173 1727 angusto
1202 1676 1308 1723 vidit,
1332 1690 1460 1727 neque

132 1745 252 1781 ullum
275 1756 358 1781 esse
385 1743 603 1781 subsidium
632 1745 740 1793 quod
762 1742 950 1781 summitti
972 1750 1113 1792 posset,
1133 1749 1244 1780 scuto
1264 1742 1313 1779 ab
1336 1741 1459 1780 novis·
1481 1753 1496 1774 2

78 1824 87 1835 τ
131 1807 237 1845 simis
259 1807 325 1845 uni
346 1807 456 1845 militi
478 1809 664 1854 detracto,
688 1809 795 1857 quod
816 1807 898 1857 ipse
919 1820 966 1845 eo
993 1806 1076 1844 sine
1096 1813 1208 1844 scuto
1228 1813 1396 1852 venerat,
1419 1805 1458 1843 in

130 1871 294 1921 primam
315 1871 439 1910 aciem
461 1872 648 1922 processit
676 1871 1048 1921 centurionibusque
1076 1868 1308 1908 nominatim
1330 1872 1459 1919 appel-

130 1937 226 1983 latis,
249 1937 417 1987 reliquos
445 1939 670 1975 cohortatus
698 1936 849 1983 milites,
873 1936 980 1985 signa
1007 1935 1145 1973 inferre
1172 1942 1210 1973 et
1239 1934 1457 1984 manipulos

129 2004 255 2040 laxare
275 2002 393 2049 iussit,
411 2016 490 2052 quo
511 2002 660 2041 facilius
680 2001 816 2051 gladiis
838 2001 892 2039 uti
912 2008 1082 2051 possent.
1143 1999 1265 2039 Cuius
1285 2000 1456 2037 adventu
1477 2013 1494 2043 3

130 2082 197 2117 spe
211 2067 329 2106 inlata
343 2067 530 2106 militibus
543 2081 589 2105 ac
605 2067 866 2117 redintegrato
886 2065 1029 2111 animo,
1046 2078 1135 2103 cum
1150 2078 1219 2114 pro
1234 2078 1274 2102 se
1291 2063 1456 2113 quisque

129 2133 167 2172 in
184 2141 397 2184 conspectu
414 2132 656 2184 imperatoris
677 2132 794 2170 etiam
812 2131 851 2169 in
869 2130 1048 2169 extremis
1066 2129 1143 2167 suis
1160 2130 1274 2168 rebus
1296 2142 1453 2178 operam

127 2212 267 2237 navare
288 2206 457 2248 cuperet,
481 2199 639 2248 paulum
661 2196 831 2235 hostium
854 2195 1022 2245 impetus
1044 2195 1215 2232 tardatus
1237 2200 1304 2231 est.

181 2265 325 2303 Caesar
354 2276 443 2301 cum
477 2261 682 2312 septimam
712 2260 916 2310 legionem,
949 2273 1049 2309 quae
1081 2258 1185 2296 iuxta
1216 2257 1451 2304 constiterat,
1474 2255 1527 2292 26

127 2327 219 2366 item
250 2327 373 2377 urgeri
402 2328 451 2365 ab
482 2328 594 2365 hoste
623 2325 792 2371 vidisset‚
827 2324 1002 2363 tribunos
1033 2322 1198 2361 militum
1229 2321 1381 2360 monuit
1412 2329 1453 2360 ut

248 2433 269 2462 6
295 2436 409 2463 nostra
427 2435 447 2461 λ
464 2440 469 2461 :
496 2439 628 2462 nostras
644 2442 663 2460 α
796 2439 833 2459 21
862 2428 995 2459 deserto
1008 2426 1040 2458 A
1062 2437 1067 2457 z
1094 2427 1248 2458 desertos
1261 2428 1324 2456 ceu.
