1768 2739
462 138 533 174 niz
566 107 744 173 BE'LLo
775 136 1019 173 (mirilico
1050 137 1151 173 Lis.
1186 137 1243 173 1v

190 246 394 295 proficisci,
417 260 462 284 ex
487 246 642 295 reliquis
667 246 763 283 duas
791 245 828 282 in
858 246 1063 283 stationem
1090 246 1261 284 cohortis
1289 248 1509 294 succedere,

189 310 354 360 reliquas
388 311 525 348 armari
565 318 601 348 et
637 310 843 348 confestim
884 323 968 348 sese
1008 311 1193 360 subsequi
1228 311 1348 349 iussit.
1409 313 1510 350 Cum
1534 321 1550 351 3

187 377 304 424 paulo
326 375 478 424 longius
503 389 525 413 a
554 374 687 413 castris
712 374 975 424 processisset,
999 388 1090 413 suos
1117 376 1167 413 ab
1188 375 1367 414 hostibus
1388 376 1511 426 premi

186 447 303 489 atque
332 453 445 489 aegre
476 439 666 478 sustinere
696 447 733 477 et
761 441 935 478 conferta
963 440 1115 489 legione
1145 453 1190 478 ex
1217 440 1402 479 omnibus
1430 454 1512 490 par-

148 518 165 549 5
187 504 290 542 tibus
315 506 390 542 tela
417 504 515 543 coici
543 504 827 543 animadvertit.
888 507 991 542 Nam
1013 505 1121 555 quod
1146 504 1255 543 omni
1282 518 1328 542 ex
1355 505 1511 555 reliquis
1533 521 1551 550 4

185 569 359 618 partibus
386 570 568 607 demesso
598 571 794 607 frumento
818 583 905 619 pars
933 583 1011 607 una
1038 577 1118 607 erat
1144 569 1302 619 reliqua,
1327 570 1512 619 suspicati

185 633 317 671 hostes
337 635 415 671 huc
436 641 589 672 nostros
614 647 699 672 esse
726 642 910 672 venturos
933 642 1052 672 noctu
1074 634 1114 671 in
1135 633 1239 672 silvis
1260 634 1494 673 delituerant
1502 650 1513 683 3

185 705 268 736 tum
289 697 497 748 dispersos,
515 699 703 748 depositis
723 699 840 737 armis
867 699 906 737 in
935 700 1122 737 metendo
1143 706 1357 748 occupatos
1382 699 1513 738 subito
1534 717 1550 747 5

184 762 321 809 adorti,
345 763 479 812 paucis
506 763 717 802 interfectis
749 764 918 814 reliquos
954 764 1109 802 incertis
1139 763 1343 802 ordinibus
1369 772 1514 813 pertur-

128 839 168 860 10
187 826 383 874 baverant,
406 827 521 865 simul
542 828 717 877 equitatu
738 836 856 878 atque
878 828 1025 866 essedis
1047 828 1396 866 circumdederant.

240 892 375 929 Genus
396 893 472 930 hoc
493 899 550 930 est
567 906 613 930 ex
633 892 780 930 essedis
801 905 965 942 pugnae.
1018 892 1150 930 Primo
1166 905 1235 941 per
1250 892 1378 931 omnis
1395 893 1512 942 partis
1532 898 1582 935 33

185 955 431 1005 perequitant
457 963 495 994 et
522 957 598 994 tela
625 956 797 995 coiciunt
821 964 940 1006 atque
975 956 1059 1006 ipso
1085 964 1228 994 terrore
1256 970 1448 1006 equorum
1476 965 1513 995 et

186 1020 346 1070 strepitu
376 1028 546 1059 rotarum
576 1021 732 1060 ordines
763 1022 992 1071 plerumque
1022 1021 1251 1070 perturbant
1275 1029 1323 1068 et,
1353 1035 1443 1060 cum
1472 1035 1513 1060 se

186 1084 285 1122 inter
308 1085 484 1135 equitum
512 1092 658 1124 turmas
686 1085 992 1132 insinuaverunt,
1016 1099 1062 1124 ex
1089 1086 1237 1124 essedis
1265 1085 1450 1124 desiliunt
1474 1094 1512 1124 et

128 1163 164 1194 15
184 1148 352 1198 pedibus
379 1149 627 1199 proeliantur.
687 1150 855 1199 Aurigae
885 1149 1039 1188 interim
1069 1150 1255 1200 paulatim
1287 1164 1333 1188 ex
1362 1151 1511 1200 proelio
1534 1163 1547 1184 2

185 1215 379 1252 excedunt
407 1222 525 1264 atque
549 1214 601 1252 ita
625 1228 757 1253 currus
785 1216 980 1253 collocant
1014 1222 1066 1261 ut,
1089 1214 1121 1252 si
1141 1214 1195 1252 illi
1217 1228 1239 1252 a
1260 1214 1510 1254 multitudine

184 1278 355 1316 hostium
383 1286 619 1328 premantur,
642 1278 868 1328 expeditum
896 1280 946 1317 ad
974 1292 1064 1316 suos
1095 1286 1295 1328 receptum
1326 1279 1506 1317 habeant.

185 1344 246 1380 Ita
280 1342 538 1381 mobilitatem
573 1343 760 1393 equitum,
794 1343 1044 1381 stabilitatem
1074 1342 1253 1392 peditum
1284 1343 1323 1380 in
1354 1344 1510 1393 proeliis
1532 1353 1548 1382 3

183 1414 392 1456 praestant,
413 1421 459 1445 ac
481 1415 633 1445 tantum
663 1421 734 1445 usu
760 1407 960 1445 cotidiano
981 1414 1018 1445 et
1039 1407 1315 1445 exercitatione
1336 1407 1509 1446 efficiunt

127 1486 164 1507 20
183 1472 239 1510 uti
270 1472 309 1509 in
339 1471 478 1510 declivi
509 1485 555 1510 ac
586 1472 786 1522 praecipiti
818 1474 906 1510 loco
944 1472 1125 1510 incitatos
1165 1485 1289 1522 equos
1320 1472 1511 1511 sustinere

183 1545 220 1575 et
242 1537 346 1575 brevi
369 1537 562 1575 moderari
588 1550 633 1575 ac
660 1538 816 1575 flectere
846 1544 883 1575 et
913 1550 980 1586 per
1005 1545 1204 1575 temonem
1230 1550 1451 1586 percurrere
1472 1546 1509 1576 et

183 1601 221 1638 in
257 1601 346 1650 iugo
381 1601 556 1639 insistere
588 1609 626 1639 et
660 1614 700 1639 se
739 1601 832 1639 inde
871 1601 909 1638 in
949 1614 1082 1639 currus
1118 1601 1304 1640 citissime
1338 1601 1510 1652 recipere

183 1665 416 1704 consuerint.
1150 1669 1155 1673 '

237 1730 392 1778 Quibus
413 1731 528 1768 rebus
549 1730 782 1781 perturbatis
803 1732 944 1769 nostris
965 1730 1137 1769 novitate
1157 1743 1311 1780 pugnae
1332 1737 1508 1781 tempore
1529 1738 1580 1778 34

124 1809 161 1840 25
183 1794 516 1844 opportunissimo
537 1796 681 1834 Caesar
701 1795 885 1833 auxilium
908 1795 1010 1834 tulit:
1040 1809 1211 1845 namque
1232 1796 1314 1834 eius
1335 1797 1507 1835 adventu

182 1860 315 1897 hostes
345 1858 614 1905 constiterunt,
645 1859 765 1897 nostri
796 1872 836 1897 se
871 1873 917 1897 ex
946 1859 1085 1898 timore
1115 1868 1354 1909 receperunt.
1415 1861 1508 1908 Quo
1531 1877 1544 1898 2

182 1925 295 1970 facto,
319 1925 369 1961 ad
397 1925 669 1962 lacessendum
700 1931 736 1962 et
764 1925 814 1962 ad
845 1924 1174 1963 committendum
1204 1924 1396 1974 proelium
1419 1925 1508 1963 alie-

182 2001 276 2025 num
298 2001 382 2025 esse
402 1995 557 2036 tempus
587 1987 792 2026 arbitratus
823 2001 894 2026 suo
930 2002 970 2026 se
998 1990 1087 2026 loco
1115 1988 1309 2026 continuit
1330 1996 1378 2035 et,
1402 1989 1507 2027 brevi

181 2060 357 2101 tempore
384 2052 616 2099 intermisso,
639 2052 679 2089 in
707 2060 831 2091 castra
857 2053 1030 2103 legiones
1057 2053 1218 2091 reduxit.
1282 2055 1388 2091 Dum
1410 2054 1508 2091 haec
1528 2067 1545 2096 3

123 2130 162 2161 30
180 2124 374 2165 geruntur,
416 2116 557 2154 nostris
596 2116 780 2154 omnibus
824 2117 1034 2166 occupatis,
1077 2117 1144 2167 qui
1183 2124 1291 2155 erant
1330 2117 1370 2154 in
1408 2117 1507 2167 agris

181 2180 317 2230 reliqui
352 2180 623 2220 discesserunt.
693 2183 858 2220 Secutae
902 2190 991 2220 sunt
1041 2182 1250 2220 continuos
1295 2182 1506 2231 compluris
1526 2195 1544 2224 4

180 2245 264 2283 dies
298 2253 548 2295 tempestates
579 2259 679 2295 quae
709 2254 746 2284 et
776 2255 929 2285 nostros
959 2247 998 2284 in
1029 2246 1162 2285 castris
1193 2246 1438 2285 continerent
1468 2255 1506 2285 et

181 2311 334 2348 hostem
364 2323 386 2347 a
412 2323 543 2360 pugna
572 2310 833 2360 prohiberent.
895 2311 1057 2348 Interim
1088 2311 1241 2349 barbari
1276 2311 1434 2349 nuntios
1465 2311 1504 2348 in
1527 2321 1543 2351 5

181 2374 309 2412 omnis
337 2374 453 2423 partis
477 2373 707 2412 dimiserunt
734 2374 1051 2424 paucitatemque
1085 2382 1305 2413 nostrorum
1337 2375 1502 2413 militum
