1768 2739
707 138 749 176 C.
784 138 899 175 IVLI
932 137 1200 176 CAESARIS

288 250 457 295 tenebat,
481 261 571 288 cum
598 247 711 298 primi
732 248 888 287 ordines
912 247 1083 286 hostium
1114 247 1284 286 transfixi
1314 247 1400 287 telis
1427 247 1615 287 concidis-

288 322 384 360 sent,
416 322 546 352 tamen
573 313 759 352 acerrime
786 312 923 363 reliqui
951 312 1183 351 resistebant
1212 326 1285 351 nec
1310 313 1429 352 dabat
1457 313 1615 363 suspici-

251 391 267 422 5
289 392 406 418 onem
441 380 554 428 fugae
586 377 804 428 quisquam.
879 379 969 428 Ipse
1003 379 1082 416 dux
1116 377 1287 416 hostium
1324 378 1616 428 Camulogenus

250 454 269 486 6
289 443 366 482 suis
387 444 521 482 aderat
541 450 658 492 atque
680 456 746 480 eos
767 443 1053 481 cohortabatur.
1114 444 1166 480 At
1196 442 1345 480 incerto
1372 442 1489 480 etiam
1510 455 1615 480 nunc

288 508 392 546 exitu
414 507 606 554 victoriae,
630 520 720 545 cum
741 506 931 556 septimae
958 506 1120 556 legionis
1148 506 1312 545 tribunis
1339 514 1441 545 esset
1467 506 1618 545 nuntia·
1638 513 1654 544 5

288 580 371 610 tum
393 585 493 622 quae
519 571 559 609 in
586 571 741 609 sinistro
761 584 883 609 cornu
903 578 1134 620 gererentur,
1158 578 1246 621 post
1274 579 1423 621 tergum
1445 571 1616 610 hostium

253 636 483 686 71egionem
508 636 765 674 ostenderunt
792 634 981 685 signaque
1005 635 1227 673 intulerunt.
1289 637 1350 674 Ne
1380 649 1428 674 eo
1455 635 1616 686 quidem

288 708 465 750 tempore
510 699 718 749 quisquam
761 701 850 737 loco
892 698 1017 745 cessit,
1065 700 1134 737 sed
1177 699 1431 738 circumventi
1478 714 1618 739 omnes

288 764 559 815 interfectique
586 771 686 802 sunt.
719 764 941 802 2-“Eandem
972 765 1168 802 fortunam
1197 764 1283 802 tulit
1311 765 1613 815 Camulogenus.

249 839 267 869 8
287 832 340 868 At
361 829 395 868 ei
423 829 489 879 qui
510 828 705 880 praesidio
732 835 867 867 contra
893 836 1018 867 castra
1045 828 1209 867 Labieni
1237 837 1344 868 erant
1371 829 1502 877 relicti,
1526 843 1617 869 cum
1640 841 1679 863 10

287 894 479 944 proelium
520 894 775 932 commissum
809 893 1020 940 audissent,
1059 893 1235 932 subsidio
1269 893 1348 932 suis
1380 893 1506 932 ierunt
1540 896 1617 933 col-

288 961 446 1009 lemque
500 966 697 1009 ceperunt,
748 972 877 1008 neque
931 966 1152 997 nostrorum
1206 958 1373 997 militum
1425 959 1617 998 victorum

249 1036 269 1068 9
289 1023 480 1073 impetum
513 1023 702 1062 sustinere
736 1030 958 1073 potuerunt.
1037 1023 1100 1062 Sic
1134 1037 1224 1062 cum
1263 1023 1342 1062 suis
1380 1023 1618 1075 fugientibus

288 1088 478 1138 permixti,
502 1101 601 1138 quos
628 1102 709 1126 non
739 1088 857 1126 silvae
884 1095 1118 1138 montesque
1147 1096 1335 1136 texerunt,
1366 1089 1416 1128 ab
1443 1089 1617 1139 equitatu

231 1167 269 1190 10
289 1161 379 1192 sunt
403 1153 604 1192 interfecti.
677 1155 769 1192 Hoc
796 1152 954 1203 negotio
981 1155 1162 1192 confecto
1190 1154 1388 1193 Labienus
1418 1154 1618 1193 revertitur
1639 1165 1675 1198 15

289 1218 549 1267 Agedincum,
573 1217 641 1256 ubi
662 1218 945 1268 impedimenta
965 1219 1084 1257 totius
1112 1219 1301 1258 exercitus
1329 1219 1462 1258 relicta
1481 1227 1589 1258 erant
1608 1235 1615 1258 :

289 1282 381 1322 inde
401 1283 465 1322 die
488 1296 544 1321 111.
569 1296 659 1321 cum
681 1283 865 1321 omnibus
887 1283 1009 1333 copiis
1029 1285 1079 1322 ad
1102 1285 1311 1323 Caesarem
1331 1285 1517 1334 pervenit.

214 1339 268 1385 63
344 1348 577 1386 Defectione
591 1349 820 1386 Aeduorum
835 1348 991 1398 cognita
1005 1349 1151 1387 bellum
1168 1356 1338 1398 augetur.
1382 1349 1616 1400 Legationes

252 1423 266 1442 2
287 1410 327 1449 in
357 1412 485 1450 omnis
513 1412 630 1462 partis
658 1412 1013 1450 circummittuntur
1029 1428 1039 1461 3
1080 1420 1270 1463 quantum
1297 1413 1428 1463 gratia,
1454 1414 1617 1453 auctori-

287 1483 374 1522 tate,
415 1476 583 1526 pecunia
627 1478 756 1514 valent
796 1478 847 1515 ad
887 1477 1151 1516 sollicitandas
1192 1477 1366 1516 civitates
1414 1478 1616 1527 nituntur,
1639 1491 1678 1512 20

248 1541 390 1580 anacti
428 1541 586 1579 obsides
625 1554 724 1590 quos
765 1542 908 1580 Caesar
945 1543 1051 1592 apud
1087 1555 1154 1580 eos
1189 1543 1434 1592 deposuerat,
1475 1545 1615 1582 horum

246 1616 267 1647 4
287 1604 479 1655 supplicio
526 1604 742 1643 dubitantis
788 1605 972 1643 territant.
1051 1608 1194 1644 Petunt
1237 1620 1259 1644 a
1297 1607 1616 1658 Vercingetorige

285 1670 415 1708 Aedui
437 1678 478 1708 ut
497 1671 548 1709 ad
569 1684 610 1708 se
630 1669 759 1708 veniat
779 1670 1027 1721 rationesque
1043 1671 1136 1710 belli
1155 1671 1316 1722 gerendi
1336 1672 1612 1711 communicet.

247 1741 264 1772 5
288 1736 347 1772 Re
377 1734 583 1784 impetrata
609 1736 856 1773 contendunt
887 1742 929 1773 ut
959 1735 1051 1785 ipsis
1087 1749 1240 1774 summa
1270 1736 1408 1786 imperi
1443 1738 1615 1776 tradatur

285 1806 324 1836 et
355 1812 394 1837 re
426 1799 465 1836 in
504 1799 808 1838 controversiam
850 1801 1022 1838 deducta
1056 1800 1175 1839 totius
1212 1801 1362 1839 Galliae
1402 1801 1612 1840 concilium
1636 1813 1672 1844 25

247 1870 266 1902 6
288 1862 468 1901 Bibracte
489 1863 682 1902 indicitur.
745 1865 898 1903 Eodem
920 1865 1161 1903 conveniunt
1181 1865 1357 1916 undique
1378 1867 1610 1916 frequentes.

287 1926 554 1965 Multitudinis
592 1927 780 1978 suffragiis
819 1943 877 1967 res
916 1929 1175 1979 permittitur:
1224 1931 1274 1970 ad
1313 1944 1436 1968 unum
1477 1944 1614 1969 omnes

249 1990 644 2042 7Vercingetorigem
678 1994 847 2042 probant
882 1994 1166 2044 imperatorem.
1236 1995 1301 2033 Ab
1335 1996 1412 2034 hoc
1445 1995 1614 2034 concilio

285 2055 413 2102 Remi,
454 2056 663 2106 Lingones,
706 2058 865 2097 Treveri
903 2060 1108 2098 afuerunt:
1149 2059 1212 2106 illi,
1255 2061 1363 2109 quod
1401 2060 1613 2099 amicitiam

285 2120 557 2159 Romanorum
590 2123 878 2172 sequebantur,
918 2123 1088 2171 Treveri,
1124 2125 1232 2174 quod
1266 2125 1426 2163 aberant
1460 2124 1612 2174 longius
1634 2135 1673 2165 30

330 2233 343 2254 1
371 2224 448 2255 telis
465 2235 503 2254 a:
530 2225 606 2264 pilis
624 2226 646 2260 β
752 2236 771 2265 4
797 2227 1047 2259 cohortabatur.
1080 2227 1125 2258 At
1149 2227 1277 2258 incerto
1294 2226 1384 2262 A‘ss:
1419 2228 1612 2260 cohortatus

285 2266 413 2297 incerto
430 2266 474 2297 B'
582 2279 600 2308 5
626 2280 644 2299 a
664 2270 807 2308 septima
824 2270 958 2309 legione
976 2282 995 2300 α
1119 2281 1157 2301 12
1182 2272 1413 2311 victorumque
1430 2283 1451 2301 a
1574 2283 1610 2310 17

285 2309 363 2339 iude
381 2311 434 2340 die
452 2321 504 2342 111.
527 2310 663 2342 Wln‘Hc:
690 2313 814 2343 indiem
831 2313 920 2343 AB:
947 2314 1038 2344 indie
1056 2313 1151 2345 MR:
1177 2314 1254 2345 inde
1271 2317 1294 2349 β
1439 2324 1480 2354 25
1507 2314 1560 2345 Re
1578 2316 1610 2345 in

285 2355 549 2385 controversiam
569 2355 713 2386 deducta
729 2358 772 2389 B:
799 2362 832 2387 et
850 2367 919 2388 rem
938 2357 969 2387 in
994 2358 1257 2389 controversiam
1281 2358 1401 2389 deduci
1417 2369 1437 2388 a
1569 2360 1611 2388 26

286 2394 491 2435 frequentes.
520 2398 751 2435 >Multitudinis
767 2400 854 2431 codd.
872 2405 932 2431 tres
947 2400 1036 2433 (ἰσίαν.
1054 2412 1059 2431 :
1087 2402 1282 2441 frequentes
1300 2401 1531 2433 multitudines
1548 2400 1586 2430 X
