1768 2739
446 145 519 180 DE
552 144 730 181 BELLO
760 142 1004 180 GALLICO
1036 143 1137 179 LIB.
1172 143 1237 179 III

229 251 410 290 Disiectis
449 259 490 289 ut
524 251 691 290 diximus
729 250 934 296 antemnis
977 264 1065 288 cum
1102 250 1272 300 singulas
1302 250 1417 288 binac
1447 264 1491 288 ac
1512 262 1554 299 15

173 323 304 354 ternae
324 329 441 354 naves
462 315 805 361 circumsteterant,
828 314 968 352 milites
989 328 1142 352 summa
1161 314 1198 352 vi
1219 315 1492 353 transcendere

172 379 210 417 in
246 380 415 418 hostium
447 379 554 417 navis
588 379 891 418 contendebant.
951 380 1072 427 Quod
1102 387 1309 429 postquam
1339 378 1491 417 barbari
1515 395 1528 415 2

172 444 253 483 fieri
272 444 638 491 animadverterunt,
661 443 888 494 expugnatis
913 443 1180 493 compluribus
1204 443 1379 490 navibus,
1401 457 1490 482 cum

134 522 149 553 5
171 509 205 547 ei
247 509 300 548 rei
339 511 488 547 nullum
528 509 755 559 reperiretur
792 508 989 555 auxilium,
1030 509 1120 558 fuga
1158 509 1322 546 salutem
1361 516 1492 558 petere

169 575 466 612 contenderunt.
539 576 598 612 Ac
627 573 704 611 iam
735 573 930 612 conversis
959 572 998 610 in
1031 586 1116 611 eam
1148 580 1297 623 partem
1328 572 1492 611 navibus
1513 587 1530 616 3

168 652 247 689 quo
285 647 423 677 ventus
457 639 615 685 ferebat,
651 646 757 676 tanta
791 638 921 677 subito
956 638 1119 676 malacia
1156 652 1201 677 ac
1237 637 1492 688 tranquillitas

167 703 311 742 exstitit
349 712 391 742 ut
429 717 470 743 se
509 718 555 742 ex
593 705 680 742 loco
728 716 976 742 commovere
1015 717 1095 741 non
1134 710 1304 753 possent.
1379 705 1531 752 Quae4

168 769 328 819 quidem
349 783 407 807 res
434 770 485 807 ad
510 768 709 819 negotium
737 768 1027 806 conficiendum
1058 767 1225 806 maxime
1255 767 1325 805 fuit
1355 781 1492 818 oppor-

111 848 149 870 10
168 841 284 873 tuna:
332 848 423 872 nam
463 834 632 884 singulas
670 833 790 871 nostri
830 832 1043 872 consectati
1082 840 1409 883 expugnaverunt,
1451 840 1492 870 ut

168 911 384 949 perpaucae
423 912 469 937 ex
507 897 615 936 omni
654 911 817 936 numero
851 897 976 936 noctis
1010 897 1230 935 interventu
1263 897 1314 935 ad
1353 904 1490 935 terram

169 963 423 1013 pervenerint,
442 977 531 1002 cum
548 964 599 1001 ab
620 964 715 1001 hora
729 964 807 1001 fere
828 970 964 1012 quarta
985 975 1108 1012 usque
1128 963 1179 1000 ad
1195 961 1286 1000 solis
1307 975 1490 1000 occasum

169 1036 411 1078 pugnaretur.

224 1093 315 1140 Quo
337 1092 484 1142 proelio
504 1093 651 1131 bellum
673 1094 913 1130 Venetorum
940 1091 1137 1141 totiusque
1161 1104 1251 1129 orae
1276 1090 1492 1130 maritimae
1512 1094 1557 1131 16

112 1170 148 1202 15
169 1158 392 1195 confectum
427 1165 493 1194 est.
564 1158 667 1194 Nam
703 1170 792 1194 cum
827 1156 954 1195 omnis
986 1156 1176 1202 iuventus,
1208 1169 1345 1194 omnes
1376 1155 1491 1194 etiam
1515 1175 1529 1196 2

167 1221 349 1270 gravioris
390 1221 527 1259 aetatis
565 1221 604 1258 in
639 1221 781 1271 quibus
818 1220 966 1270 aliquid
1014 1220 1151 1258 consili
1189 1228 1255 1258 aut
1295 1220 1492 1270 dignitatis

167 1285 236 1323 fuit
271 1299 319 1324 eo
353 1294 627 1332 convenerant,
661 1294 742 1324 tum
783 1285 938 1323 navium
974 1287 1081 1335 quod
1113 1284 1259 1334 ubique
1299 1287 1421 1323 fuerat
1453 1285 1492 1323 in

166 1363 287 1387 unum
317 1352 447 1388 locum
477 1358 708 1401 coegerant3
740 1350 881 1400 quibus
911 1349 1062 1387 amissis
1088 1349 1224 1399 reliqui
1253 1363 1381 1399 neque
1413 1363 1492 1399 quo
1513 1359 1530 1389 3

164 1428 204 1452 se
235 1414 449 1465 reciperent
479 1429 608 1465 neque
637 1428 753 1465 quem
784 1416 835 1452 ad
865 1415 1027 1453 modum
1059 1413 1205 1464 oppida
1235 1415 1491 1453 defenderent

107 1495 144 1515 20
164 1479 373 1517 habebant.
435 1481 574 1529 Itaque
613 1493 653 1518 se
692 1493 839 1529 suaque
878 1478 1010 1517 onmia
1045 1478 1202 1518 Caesari
1242 1478 1487 1517 dediderunt.

166 1545 212 1581 In
247 1557 345 1594 quos
375 1558 422 1582 eo
455 1543 605 1594 gravius
636 1546 780 1583 Caesar
818 1543 1098 1582 vindicandum
1139 1543 1271 1581 statuit
1301 1557 1380 1593 quo
1409 1543 1491 1582 dili·
1510 1554 1529 1583 4

163 1607 314 1657 gentius
344 1608 383 1645 in
414 1608 605 1658 reliquum
636 1617 790 1658 tempus
820 1622 842 1646 a
871 1608 1042 1646 barbaris
1072 1608 1131 1646 ius
1161 1610 1375 1658 legatorum
1402 1621 1491 1646 eon-

163 1680 384 1710 servaretur.
450 1674 589 1723 Itaque
616 1672 724 1711 omni
745 1681 881 1711 senatu
902 1680 1041 1711 necato
1062 1672 1231 1722 reliquos
1252 1672 1324 1710 sub
1346 1685 1490 1711 corona

163 1737 348 1775 vendidit.

106 1820 119 1840 2
126 1819 142 1850 5
218 1803 324 1840 Dum
345 1803 441 1841 haec
466 1802 505 1840 in
527 1802 688 1841 Venetis
715 1810 908 1853 geruntur,
933 1804 980 1851 Q.
1005 1801 1177 1840 Titurius
1202 1800 1370 1840 Sabinus
1398 1815 1487 1840 curn
1508 1809 1550 1849 17

162 1864 216 1904 eis
250 1865 372 1916 copiis
404 1880 499 1916 quas
533 1881 555 1905 a
595 1868 761 1906 Caesare
799 1875 1003 1917 acceperat
1041 1866 1081 1904 in
1112 1866 1199 1904 finis
1233 1867 1487 1905 Venellorum

161 1930 345 1980 pervenit.
426 1931 500 1969 His
548 1939 722 1981 praeerat
762 1931 963 1970 Viridovix
1012 1944 1057 1969 ac
1107 1944 1301 1969 summam
1351 1930 1487 1981 imperi
1510 1945 1524 1965 2

161 1995 319 2034 tenebat
367 2009 499 2034 earum
539 1996 715 2034 omnium
764 1996 963 2035 civitatum
1010 2009 1110 2046 quae
1159 1996 1392 2042 defecerant,
1443 2009 1488 2034 ex

161 2059 303 2109 quibus
335 2060 545 2099 exercitum
585 2075 822 2112 magnasque
863 2061 994 2111 copias
1033 2068 1235 2111 coegerat3
1282 2067 1400 2110 atque
1433 2060 1488 2098 eis
1508 2074 1526 2104 3

103 2140 142 2170 30
161 2124 293 2174 paucis
329 2125 468 2164 diebus
498 2126 654 2165 Aulerci
690 2126 929 2165 Eburovices
962 2125 1211 2175 Lexoviique,
1246 2132 1382 2163 senatu
1416 2138 1488 2163 suo

161 2189 363 2229 interfecto
393 2193 501 2242 quod
529 2200 706 2231 auctores
736 2192 827 2231 belli
857 2206 941 2231 esse
975 2192 1173 2237 nolebant,
1209 2197 1338 2240 portas
1367 2191 1488 2228 claus-

160 2264 272 2293 erunt
294 2270 412 2306 seque
440 2271 529 2295 cum
552 2257 775 2296 Viridovice
796 2257 1080 2296 coniunxerunt
1096 2272 1104 2304 3
1136 2269 1355 2306 magnaque
1382 2267 1486 2304 prae·
1505 2263 1524 2293 4

161 2328 264 2359 terea
302 2321 513 2360 multitudo
552 2322 726 2372 undique
760 2336 805 2361 ex
841 2321 966 2360 Gallia
1000 2321 1239 2371 perditorum
1279 2319 1484 2359 hominum

160 2387 433 2435 latronumque
463 2394 708 2433 convenerat,
740 2400 839 2436 quos
869 2400 956 2436 spes
987 2386 1201 2436 praedandi
1231 2385 1484 2433 studiumque
