1768 2739
464 135 537 170 DE
568 133 747 170 BELLO
777 132 1022 170 GALLICO
1054 133 1154 169 LIB.
1186 133 1222 167 V

178 245 365 283 tudinem.
444 241 600 282 Civitati
630 254 744 291 porro
773 242 875 278 hanc
913 240 1030 279 fuisse
1070 241 1160 279 belli
1190 254 1359 287 causam,
1391 240 1499 290 quod
1518 253 1538 282 4

178 309 403 359 repentinae
443 307 645 345 Gallorum
686 304 944 343 coniurationi
983 305 1159 343 resistere
1199 319 1278 343 non
1319 304 1498 354 potuerit.

180 374 228 412 Id
249 387 290 411 se
311 372 422 410 facile
441 385 488 410 ex
507 369 725 408 humilitate
746 383 816 407 sua
835 370 1000 419 probare
1021 383 1146 418 posse,
1170 371 1278 419 quod
1300 383 1379 407 non
1400 370 1501 407 adeo

179 437 226 475 sit
266 436 465 487 imperitus
504 448 631 473 rerum
671 442 712 472 ut
750 433 829 472 suis
872 433 995 483 copiis
1041 435 1233 483 populum
1275 436 1501 472 Romanum

142 519 158 548 5
180 501 350 553 superari
378 514 493 551 posse
523 500 707 538 confidat.
770 499 847 536 Sed
878 511 963 536 esse
992 498 1143 536 Galliae
1172 511 1384 536 commune
1414 511 1502 535 con-
1525 509 1540 538 5

179 567 333 606 silium:
364 564 547 603 omnibus
577 563 749 602 hibernis
780 562 956 602 Caesaris
986 562 1260 612 oppugnandis
1286 563 1390 600 hunc
1418 575 1503 599 esse

178 631 327 670 dictum
358 629 474 675 diem,
506 642 555 666 ne
585 642 663 677 qua
692 627 793 677 legio
821 628 964 665 alterae
993 626 1137 676 legioni
1167 626 1343 665 subsidio
1372 626 1503 664 venire

178 703 318 746 posset.
380 696 471 733 Non
501 693 613 731 facile
644 694 778 731 Gallos
809 692 929 730 Gallis
959 705 1100 742 negare
1129 692 1312 741 potuisse,
1337 706 1504 742 praesen
1523 697 1541 724 6

179 760 246 798 tim
296 773 386 798 cum
434 760 484 797 de
527 758 780 808 reciperanda
821 757 1020 795 communi
1070 757 1247 795 libertate
1295 756 1502 795 consilium

123 839 159 860 10
179 825 317 863 initum
338 825 541 863 videretur.
616 823 771 871 Quibus
793 822 979 871 quoniam
1000 836 1070 872 pro
1091 821 1235 872 pietate
1264 821 1502 867 satisfecerit,
1528 836 1541 867 7

180 890 322 928 habere
361 902 466 927 nunc
505 902 546 926 se
584 887 773 926 rationem
813 886 915 925 offici
954 900 1024 936 pro
1063 885 1264 924 beneficiis
1301 885 1503 924 Caesaris:

179 968 350 1000 monere,
383 967 491 991 orare
525 952 719 990 Titurium
759 965 829 1002 pro
867 951 1038 1001 hospitio
1069 958 1111 989 ut
1140 965 1233 988 suae
1261 964 1306 988 ac
1338 950 1504 988 militum

181 1018 294 1056 saluti
316 1019 505 1056 consulat.
568 1019 755 1067 Magnam
777 1030 938 1054 manum
956 1017 1243 1054 Germanorum
1265 1017 1504 1054 conductam
1524 1025 1541 1048 2<

183 1085 368 1121 Rhenum
390 1082 571 1121 transisse
590 1097 597 1120 z
628 1083 730 1120 hanc
753 1082 888 1120 adfore
913 1081 1045 1119 biduo.
1107 1082 1288 1129 Ipsorum
1310 1094 1394 1119 esse
1415 1094 1505 1119 con·
1524 1097 1543 1126 9

126 1162 160 1192 15
181 1148 320 1194 silium,
356 1147 527 1186 velintne
560 1146 666 1197 prius
699 1159 818 1195 quam
858 1145 1011 1182 finitimi
1050 1144 1219 1182 sentiant
1258 1146 1421 1183 eductos
1461 1160 1506 1182 ex

181 1212 352 1251 hibernis
401 1212 542 1250 milites
589 1219 655 1249 aut
697 1212 747 1249 ad
797 1210 1029 1250 Ciceronem
1077 1218 1144 1247 aut
1186 1211 1237 1247 ad
1285 1210 1505 1248 Labienum

181 1279 387 1323 deducere,
428 1290 595 1326 quorum
636 1278 731 1314 alter
769 1276 875 1313 milia
912 1289 1099 1325 passuum
1135 1274 1285 1313 circiter
1319 1275 1507 1324 quinqua-

180 1342 297 1393 ginta,
328 1344 424 1380 alter
452 1343 570 1391 paulo
599 1340 767 1391 amplius
800 1341 850 1379 ab
880 1340 935 1378 eis
964 1340 1076 1378 absit.
1138 1341 1242 1378 Illud
1268 1353 1308 1378 se
1332 1339 1506 1390 polliceri
1529 1357 1567 1378 10

181 1415 220 1446 et
249 1407 330 1445 iure
359 1406 523 1444 iurando
553 1407 794 1452 confirmare,
826 1413 953 1443 tutum
983 1405 1054 1443 iter
1087 1418 1155 1455 per
1193 1404 1281 1442 finis
1311 1406 1503 1443 daturum.

126 1483 164 1505 20
184 1473 304 1521 Quod
334 1485 424 1510 cum
454 1471 579 1518 faciat,
603 1479 640 1509 et
669 1470 815 1509 civitati
844 1485 929 1509 sese
958 1471 1173 1516 consulere,
1197 1470 1305 1519 quod
1335 1469 1506 1508 hibernis
1530 1483 1563 1504 11

182 1539 340 1583 levetur,
373 1544 411 1575 et
442 1536 600 1576 Caesari
623 1549 693 1586 pro
725 1536 807 1574 eius
842 1535 987 1574 meritis
1014 1535 1175 1586 gratiam
1206 1536 1355 1573 referre.
1417 1536 1507 1572 Hac

182 1601 357 1640 oratione
377 1600 510 1638 habita
530 1600 697 1639 discedit
718 1600 931 1638 Ambiorix.

237 1664 445 1715 Arpineius
470 1672 508 1703 et
529 1665 667 1703 Iunius
693 1678 794 1714 quae
821 1664 1029 1703 audierunt
1058 1666 1109 1702 ad
1136 1665 1283 1713 legatos
1311 1663 1502 1701 deferunt.
1526 1659 1576 1695 28

185 1730 247 1768 Illi
281 1729 484 1780 repentina
514 1743 554 1768 re
588 1729 811 1779 perturbati,
846 1729 918 1767 etsi
948 1729 1000 1767 ab
1033 1730 1147 1767 hoste
1182 1741 1227 1766 ea
1261 1727 1502 1773 dicebantur,

126 1806 162 1836 25
184 1803 315 1833 tamen
354 1807 434 1833 non
474 1795 716 1844 neglegenda
755 1793 1039 1840 existimabant,
1073 1792 1320 1843 maximeque
1359 1794 1433 1831 hac
1467 1806 1506 1831 re

183 1859 521 1909 permovebantur,
553 1860 662 1908 quod
693 1857 889 1897 civitatem
921 1858 1135 1908 ignobilem
1166 1866 1285 1907 atque
1316 1857 1505 1896 humilem

185 1924 417 1962 Eburonum
438 1937 507 1962 sua
527 1931 667 1973 sponte
687 1925 835 1973 populo
853 1926 1038 1962 Romano
1056 1924 1202 1962 bellurn
1223 1925 1349 1962 facere
1369 1936 1505 1961 ausam

183 1989 245 2027 vix
274 1997 355 2028 erat
384 1990 635 2028 credendum.
711 1990 851 2039 Itaque
883 1991 934 2028 ad
967 1988 1174 2028 consilium
1204 2003 1286 2027 rem
1325 1990 1505 2027 deferunt
1527 2005 1542 2025 2

185 2067 404 2104 magnaque
442 2053 540 2092 inter
583 2066 649 2092 eos
690 2053 836 2092 exsistit
875 2053 1146 2092 controversia.
1218 2055 1260 2091 L.
1303 2055 1505 2091 Auruncu-
1526 2068 1543 2097 3

125 2117 281 2159 goleins
311 2119 610 2168 compluresque
640 2116 783 2155 tribuni
814 2118 980 2156 militum
1011 2126 1049 2156 et
1078 2117 1291 2167 primorum
1322 2117 1504 2156 ordinum

184 2182 432 2221 centuriones
453 2182 549 2220 nihil
570 2190 714 2221 temere
734 2184 931 2232 agendum
953 2196 1082 2233 neque
1099 2196 1145 2220 ex
1160 2182 1334 2221 hibernis
1355 2182 1503 2220 iniussu

184 2247 361 2286 Caesaris
401 2247 687 2286 discedendum
731 2247 1032 2294 existimabant3
1078 2247 1303 2296 quantasvis
1344 2260 1504 2296 magnas
1525 2261 1543 2291 4

226 2361 268 2389 32
291 2350 486 2389 quantasvis
513 2360 650 2390 magnas
677 2351 774 2380 etiam
803 2351 916 2389 copias
933 2349 1006 2380 als:
1032 2349 1231 2389 quantasvis
1248 2349 1349 2381 etiam
1368 2359 1505 2388 magnas

185 2394 299 2433 copias
322 2394 365 2424 T:
390 2393 585 2432 quantasvis
603 2393 717 2433 copias
735 2393 834 2424 etiam
851 2393 1025 2425 Schneider
