1768 2739
429 597 488 649 C.
543 597 694 648 IVLI
748 595 1122 648 CAESARIS

548 729 999 762 COMMENTARIORVM

322 839 440 896 DE
495 838 790 897 BELLO
840 836 1234 897 GALLICO

544 983 714 1021 LIBER
742 982 1017 1021 SEPTIMVS

172 1105 339 1153 QUIETA
361 1102 496 1151 Gallia,
521 1105 673 1151 Caesar,
697 1111 740 1143 ut
759 1103 1022 1149 constituerat,
1046 1102 1085 1141 in
1107 1102 1260 1142 Italiam
1281 1104 1331 1141 ad
1352 1115 1443 1141 con·
1461 1116 1480 1144 1

118 1176 256 1207 ventus
276 1169 448 1219 agendos
470 1167 734 1218 proficiscitur.
795 1167 857 1206 Ibi
877 1167 1078 1217 cognoscit
1098 1168 1148 1206 de
1170 1167 1287 1207 Clodi
1307 1168 1440 1211 caede,

117 1234 161 1270 de
194 1239 430 1281 senatusque
468 1233 648 1271 consulto
683 1231 821 1270 certior
852 1233 986 1278 factm,
1023 1239 1066 1270 ut
1097 1245 1234 1270 omnes
1273 1231 1443 1270 iuniores

120 1296 255 1335 Italiae
275 1296 531 1342 coniurarent‚
555 1296 742 1334 dilectum
770 1302 851 1334 tota
872 1295 1071 1346 provincia
1097 1296 1242 1334 habere
1265 1295 1440 1334 instituit.

79 1374 97 1406 5
120 1363 200 1399 Eae
238 1373 297 1398 res
340 1360 379 1397 in
418 1359 585 1398 Galliam
624 1359 921 1409 Transalpinam
967 1359 1141 1398 celeriter
1187 1361 1440 1410 perferuntur.
1466 1379 1480 1401 2

118 1425 284 1463 Addunt
311 1423 384 1474 ipsi
405 1430 442 1462 et
462 1424 667 1474 adfingunt
693 1423 912 1462 rumoribus
934 1423 1036 1462 Galli
1063 1425 1171 1474 quod
1198 1437 1257 1463 res
1284 1438 1445 1474 poscere

119 1490 332 1535 videbatur,
363 1488 516 1527 retineri
546 1489 697 1527 urbano
724 1496 833 1528 motu
862 1490 1070 1528 Caesarem
1100 1502 1230 1539 neque
1258 1489 1298 1527 in
1328 1489 1445 1528 tantis

118 1553 429 1592 dissensionibus
466 1555 518 1592 ad
557 1553 766 1592 exercitum
806 1553 937 1593 venire
976 1567 1100 1604 posse.
1164 1556 1254 1593 Hac
1287 1554 1444 1605 impulsi
1466 1569 1483 1600 3

120 1618 327 1657 occasione
347 1617 413 1667 qui
434 1617 511 1655 iam
531 1625 622 1656 ante
642 1631 683 1657 se
707 1617 842 1668 populi
871 1618 1043 1657 Romani
1062 1618 1227 1669 imperio
1247 1618 1445 1658 subiectos

65 1697 101 1720 10
121 1685 298 1722 dolerent
337 1682 494 1721 liberius
534 1689 652 1733 atque
691 1682 878 1722 audacius
918 1684 969 1722 de
1007 1684 1112 1722 bello
1149 1683 1312 1722 consilia
1350 1683 1445 1722 inire

120 1747 321 1798 incipiunt.
383 1747 546 1786 Indictis
577 1747 676 1786 inter
707 1761 747 1787 se
778 1747 972 1798 principes
1002 1747 1152 1786 Galliae
1182 1748 1356 1787 conciliis
1386 1748 1446 1786 sil·
1464 1767 1484 1797 4

121 1811 312 1850 vestribus
349 1825 395 1849 ac
434 1811 591 1850 remotis
630 1812 725 1850 locis
759 1819 974 1862 queruntur
1006 1813 1057 1851 de
1088 1812 1259 1851 Acconis
1294 1819 1418 1852 morte
1436 1828 1446 1860 3

121 1889 236 1926 posse
256 1877 362 1913 hunc
382 1888 515 1913 casum
536 1876 586 1914 ad
613 1875 718 1926 ipsos
746 1876 917 1915 recidere
937 1877 1208 1915 demonstrant
1225 1892 1234 1925 3
1264 1877 1445 1916 miseran·
1464 1895 1482 1927 5

122 1947 183 1978 tur
203 1953 454 1978 communem
476 1939 625 1978 Galliae
645 1941 840 1979 fortunam
856 1955 865 1988 3
894 1941 1077 1980 omnibus
1098 1941 1445 1991 pollicitationibus

66 2017 102 2048 15
123 2019 169 2043 ac
195 2004 375 2055 praemiis
402 2006 623 2054 deposcunt
643 2005 709 2055 qui
736 2005 827 2044 belli
857 2005 965 2044 initia
992 2006 1135 2045 faciant
1161 2014 1199 2045 et
1223 2007 1282 2045 sui
1309 2006 1445 2057 capitis

123 2068 296 2120 periculo
317 2069 483 2107 Galliam
513 2069 553 2107 in
582 2069 799 2108 libertatern
826 2069 1036 2109 vindicent.
1098 2072 1145 2108 In
1174 2070 1307 2121 primis
1337 2071 1447 2110 ratio·
1465 2077 1485 2109 6

123 2148 214 2173 nem
238 2148 323 2172 esse
349 2134 573 2173 habendam
599 2134 745 2182 dicunt,
769 2135 873 2185 prius
897 2149 1015 2185 quarn
1043 2149 1177 2174 eorum
1205 2136 1447 2175 clandestina

123 2198 286 2237 consilia
305 2200 520 2246 efferantur,
544 2206 586 2246 ut
607 2201 750 2240 Caesar
772 2200 822 2239 ab
850 2201 1019 2239 exercitu
1048 2200 1337 2240 intercludatur.
1398 2203 1446 2241 Id
1469 2215 1484 2248 7

125 2276 210 2302 esse
257 2263 378 2310 facile,
421 2265 529 2313 quod
576 2277 705 2314 neque
748 2264 920 2315 legiones
959 2266 1131 2304 audeant
1173 2266 1336 2315 absente
1380 2266 1447 2305 im-

67 2340 106 2362 20
124 2335 302 2378 peratore
328 2342 374 2366 ex
398 2327 569 2367 hibernis
594 2327 724 2378 egredi
751 2343 879 2380 neque
906 2329 1115 2380 imperator
1144 2330 1226 2369 sine
1253 2330 1446 2381 praesidio

227 2441 246 2469 3
265 2431 307 2461 de
324 2435 397 2461 (mle
414 2436 618 2470 senatusque
636 2431 710 2462 add.
728 2431 841 2463 Aldus
946 2442 983 2471 15
1005 2433 1098 2464 initia
1113 2444 1152 2465 a:
1179 2433 1308 2465 initium
1324 2435 1346 2468 β

169 2494 310 2516 CAESAR.
331 2495 361 2516 B.
370 2495 400 2516 G.
1323 2488 1362 2519 10
