1768 2739
382 189 650 227 CAESARIS
682 189 756 224 DE
787 186 967 224 BELLO
998 185 1244 223 (JALLICO
1274 184 1376 222 LIB.
1408 184 1490 221 VII

275 306 481 348 utramque
501 311 582 336 rem
612 310 654 335 se
680 296 753 334 illis
781 297 927 342 offerre,
950 308 1019 333 seu
1039 301 1165 332 morte
1189 307 1259 331 sua
1285 292 1476 331 Romanis
1497 291 1603 331 satis-

239 372 255 402 3
275 365 401 402 facere
427 376 496 401 seu
516 362 648 401 vivum
668 362 819 399 tradere
838 360 966 398 velint.
1028 359 1240 397 Mittuntur
1259 359 1310 396 de
1330 357 1390 395 his
1417 358 1532 396 rebus
1552 358 1604 396 ad

237 436 258 467 4
277 430 485 467 Caesarem
499 427 623 478 legati.
686 427 801 464 Iubet
815 439 922 464 arma
937 424 1047 471 tradi>
1065 423 1260 474 principes
1277 422 1451 474 produci.
1512 423 1604 472 Ipse

277 492 317 530 in
348 491 567 530 munitione
592 504 664 540 pro
695 490 828 528 castris
855 489 1056 528 consedit:
1087 502 1135 527 eo
1166 489 1287 527 duces
1323 488 1601 537 producuntur.

239 567 256 597 5
276 555 569 606 Vercingetorix
588 554 755 601 deditur,
777 568 883 592 arma
902 553 1152 604 proiciuntur.
1214 551 1434 591 Reservatis
1455 550 1604 590 Aeduis
1625 565 1641 595 5

275 629 393 671 atque
424 620 617 666 Arvernis,
654 619 686 657 si
717 633 785 669 per
819 632 885 657 cos
920 618 1093 656 civitates
1128 618 1340 668 reciperare
1380 624 1522 667 posset,
1559 630 1604 654 ex

275 685 431 735 reliquis
453 684 614 734 captivis
635 691 718 722 toto
740 683 923 722 exercitui
944 683 1071 733 capita
1088 683 1237 733 singula
1257 683 1424 732 praedae
1445 681 1605 720 nomine

276 749 481 788 distribuit.

200 820 258 856 90
332 814 408 852 His
439 815 555 852 rebus
582 814 782 860 confectis,
820 814 858 851 in
892 815 1052 852 Aeduos
1086 812 1366 863 proficiscitur3
1408 810 1604 849 civitatem

242 897 256 917 2
277 879 422 930 recipit.
495 881 555 917 Eo
593 879 707 928 legati
742 880 790 916 ab
824 878 1005 916 Arvernis
1038 877 1144 915 missi
1183 890 1283 926 quae
1322 876 1527 925 imperaret
1565 888 1606 912 se
1629 887 1666 908 10

277 946 446 982 facturos
473 943 714 994 pollicentur.
777 944 949 992 Imperat
974 955 1159 992 magnum
1180 954 1387 978 numerum
1409 939 1603 978 obsidum.

242 1017 259 1046 3
278 1009 472 1058 Legiones
502 1008 542 1045 in
572 1008 735 1046 hiberna
765 1007 892 1045 mittit.
955 1006 1209 1057 Captivorum
1234 1005 1384 1043 circiter
1413 1017 1471 1042 xx
1502 1003 1602 1042 milia

240 1073 427 1115 4Aeduis
466 1072 730 1122 Arvernisque
769 1072 906 1110 reddit.
990 1073 1034 1109 T.
1063 1070 1284 1109 Labienum
1324 1070 1477 1108 duabus
1516 1082 1605 1107 cum

277 1139 496 1189 legionibus
532 1146 569 1176 et
601 1138 775 1188 equitatu
810 1137 849 1175 in
882 1139 1084 1187 Sequanos
1114 1134 1307 1187 proficisci
1337 1135 1468 1173 iubet:
1515 1132 1606 1171 huic

241 1216 257 1245 5
280 1206 334 1242 M.
378 1203 653 1253 Sempronium
695 1202 872 1240 Rutilum
911 1201 1095 1240 attribuit.
1156 1202 1200 1240 C.
1234 1199 1400 1238 Fabium
1434 1201 1604 1249 legatum
1629 1211 1664 1243 15

277 1277 314 1308 et
354 1271 396 1307 L.
454 1268 675 1306 Minucium
727 1267 900 1306 Basilum
951 1281 1040 1305 curn
1095 1265 1314 1316 legionibus
1368 1265 1520 1303 duabus
1568 1263 1607 1300 in

280 1333 415 1372 Remis
436 1335 614 1380 collocat,
637 1347 687 1371 ne
708 1346 825 1382 quam
847 1345 869 1370 a
898 1331 1071 1369 finitimis
1104 1330 1321 1369 Bellovacis
1346 1328 1607 1368 calamitatem

240 1407 258 1437 6
277 1399 479 1449 accipiant.
553 1400 595 1438 C.
644 1397 858 1436 Antistium
909 1396 1105 1445 Reginum
1150 1395 1189 1433 in
1230 1394 1518 1439 Ambibaretos‚
1560 1394 1604 1430 T.

279 1463 452 1502 Sextium
474 1463 513 1501 in
536 1462 737 1511 Bituriges,
756 1463 799 1501 C.
818 1461 1028 1501 Caninium
1051 1460 1237 1498 Rebilum
1260 1459 1298 1497 in
1322 1461 1501 1497 Rutenos
1517 1471 1608 1496 curn

244 1528 438 1578 Tsingulis
472 1527 691 1578 legionibus
731 1526 857 1564 mittit.
925 1528 972 1574 Q.
1008 1525 1182 1564 Tullium
1216 1525 1450 1564 Ciceronem
1482 1531 1520 1562 et
1565 1525 1605 1561 P.
1631 1536 1669 1558 20

278 1592 496 1642 Sulpicium
518 1591 715 1631 Cabilloni
743 1599 780 1629 et
808 1591 1028 1628 Matiscone
1063 1590 1102 1628 in
1138 1589 1286 1628 Aeduis
1311 1590 1362 1627 ad
1382 1588 1534 1627 Ararim
1555 1587 1609 1626 rei

241 1662 258 1690 S
278 1656 551 1695 frumentariae
565 1670 681 1694 causa
695 1658 871 1694 collocat.
907 1657 996 1705 Ipse
1015 1655 1196 1693 Bibracte
1210 1654 1381 1692 hiemare
1395 1652 1607 1692 constituit.

280 1722 355 1760 His
376 1721 511 1759 litteris
533 1720 698 1770 cognitis
722 1723 875 1758 Romae
896 1720 1048 1758 dierum
1070 1731 1128 1757 XX
1150 1718 1382 1769 supplicatio
1403 1717 1588 1756 redditur.

327 1826 364 1854 18
382 1823 621 1897 Agibibaretos
638 1822 690 1854 X:
717 1823 952 1853 Ambivaretos
967 1822 1066 1852 Glt'ick
1156 1832 1197 1860 23
1222 1821 1285 1851 His
1297 1820 1416 1851 litteris
1432 1830 1471 1849 a:
1499 1819 1610 1850 Huius

280 1868 358 1898 anni
376 1878 412 1898 re
438 1878 476 1897 us
492 1869 514 1901 β
