1768 2739
615 131 659 169 (f.
695 132 808 169 IVLI
841 132 1110 170 CAESARIS

202 241 353 279 barbari
388 249 425 279 et
460 249 615 280 nostrae
649 242 947 281 consuetudinis
986 242 1153 292 imperiti
1194 243 1339 282 bellum
1378 247 1526 295 populo

203 308 388 344 Romano
409 305 603 353 fecissent,
627 320 747 356 seque
772 321 817 345 ea
841 321 941 356 quae
969 307 1196 357 imperasset
1228 309 1398 348 facturos
1419 310 1528 359 polli-

165 385 179 404 2
201 378 389 409 cerentur.
452 373 544 409 Hoc
574 371 647 409 sibi
675 373 819 411 Caesar
849 372 939 410 satis
968 380 1189 422 opportune
1215 373 1405 412 accidisse
1431 374 1528 413 arbi-

200 443 332 483 tratus,
355 437 464 485 quod
486 449 615 486 neque
642 444 730 486 post
755 444 905 486 tergum
934 438 1088 475 hostem
1121 438 1339 488 relinquere
1372 439 1529 477 volebat

200 514 330 550 neque
345 500 438 539 belli
458 500 619 550 gerendi
640 508 798 550 propter
818 501 910 539 anni
933 509 1088 551 tempus
1110 503 1335 541 facultatem
1358 504 1529 542 habebat
1549 519 1566 549 5

200 579 330 615 neque
350 566 420 603 has
447 567 683 603 tantularum
708 579 835 603 rerum
865 566 1145 615 occupationes
1174 567 1398 606 Britanniae
1425 575 1530 607 ante-

200 631 406 680 ponendas
422 629 632 677 iudicabat,
649 643 834 680 magnum
852 629 906 668 eis
924 644 1131 669 numerum
1147 631 1330 670 obsidum
1346 632 1527 682 imperat:

142 695 344 746 aquibus
377 694 559 733 adductis
598 708 666 733 eos
704 694 744 732 in
779 696 898 733 fidem
934 695 1089 745 recepit.
1166 696 1343 735 Navibus
1379 696 1530 735 circiter

202 772 316 797 Lxxx
354 759 540 798 onerariis
575 759 721 798 coactis
752 759 1053 810 contractisque,
1090 762 1199 810 quod
1235 760 1325 799 satis
1360 775 1445 799 esse
1479 763 1529 803 ad

200 826 299 863 duas
332 825 652 874 transportandas
686 824 860 874 legiones
895 824 1151 872 existimabat,
1188 827 1297 875 quod
1331 834 1530 876 praeterea
1552 845 1591 867 10

201 889 360 928 navium
384 891 588 939 longarum
619 889 790 928 habebat
820 890 1028 939 quaestori,
1063 890 1208 940 legatis,
1244 891 1529 940 praefectisque

163 954 408 994 4distribuit.
469 956 564 993 Huc
597 954 841 992 accedebant
880 967 984 992 xvm
1025 955 1224 994 onerariae
1263 970 1393 1003 naves,
1430 969 1530 1005 quae

201 1034 248 1058 ex
285 1033 334 1058 eo
372 1021 461 1057 loco
499 1019 549 1056 ab
589 1018 747 1057 milibus
786 1032 973 1069 passuum
1012 1028 1103 1058 octo
1142 1028 1260 1059 vento
1295 1021 1530 1059 tenebantur

201 1098 281 1134 quo
312 1084 441 1122 minus
472 1083 511 1121 in
542 1085 714 1122 eundem
745 1092 901 1133 portum
931 1084 1062 1123 venire
1092 1093 1276 1135 possent:
1321 1087 1390 1125 has
1426 1086 1530 1136 equi-

163 1164 180 1194 5
202 1150 305 1189 tibus
344 1148 551 1188 distribuit.
614 1149 828 1199 Reliquum
864 1149 1075 1188 exercitum
1111 1152 1159 1199 Q.
1197 1150 1349 1190 Titurio
1381 1151 1529 1190 Sabino
1552 1169 1588 1200 15

202 1223 240 1254 et
288 1217 329 1253 L.
377 1213 646 1253 Aurunculeio
696 1216 838 1254 Cottae
885 1214 1020 1264 legatis
1068 1214 1107 1253 in
1153 1215 1363 1265 Menapios
1411 1224 1529 1266 atque

202 1280 241 1318 in
274 1294 341 1319 eos
381 1294 501 1331 pagos
542 1280 789 1319 Morinorum
824 1280 874 1318 ab
909 1280 1052 1329 quibus
1084 1282 1134 1319 ad
1166 1295 1256 1319 eum
1296 1281 1409 1331 legati
1451 1296 1529 1320 non

163 1354 182 1384 6
202 1353 387 1384 venerant
418 1346 647 1384 ducendum
679 1345 814 1392 dedit3
853 1347 893 1382 P.
931 1345 1148 1395 Sulpicium
1181 1347 1329 1384 Rufum
1359 1348 1529 1396 legatum

203 1424 293 1448 cum
337 1424 385 1448 eo
428 1409 624 1459 praesidio
665 1411 773 1459 quod
814 1409 906 1448 satis
945 1424 1031 1448 esse
1071 1410 1329 1449 arbitrabatur
1372 1420 1527 1461 portum

203 1483 335 1514 tenere
356 1475 475 1513 iussit.
1553 1493 1592 1514 20

133 1548 184 1585 23
260 1540 336 1578 His
366 1540 588 1578 constitutis
623 1541 750 1587 rebus,
789 1549 925 1578 nactus
960 1540 1145 1579 idoneam
1179 1543 1229 1579 ad
1265 1542 1528 1592 navigandum

203 1612 477 1654 tempestatem
510 1605 621 1643 tertia
652 1607 731 1644 fere
766 1605 894 1655 vigilia
933 1605 1047 1644 solvit
1086 1606 1318 1656 equitesque
1357 1607 1395 1645 in
1436 1609 1530 1647 ulte-

204 1670 344 1709 riorem
376 1678 532 1720 portum
568 1670 748 1720 progredi
779 1678 816 1708 et
846 1670 954 1709 navis
986 1673 1252 1710 conscendere
1283 1680 1319 1710 et
1351 1686 1391 1711 se
1421 1673 1531 1723 sequi

167 1754 182 1775 2
204 1735 324 1775 iussit.
384 1738 420 1774 A
449 1735 593 1785 quibus
623 1749 713 1774 cum
743 1737 862 1786 paulo
894 1736 1040 1775 tardius
1073 1744 1175 1776 esset
1203 1738 1529 1787 administratum,

204 1797 288 1847 ipse
317 1799 413 1836 hora
442 1798 593 1837 circiter
622 1798 700 1837 diei
730 1807 867 1849 quarta
897 1814 988 1838 cum
1020 1800 1154 1850 primis
1186 1802 1350 1841 navibus
1384 1803 1532 1842 Britan-
1554 1815 1590 1846 25

205 1862 310 1901 niam
339 1863 465 1913 attigit
495 1871 613 1914 atque
644 1864 698 1902 ibi
729 1864 767 1902 in
807 1865 993 1904 omnibus
1023 1866 1190 1905 collibus
1220 1868 1415 1918 expositas
1445 1870 1533 1908 hos-

168 1939 185 1969 3
204 1929 301 1967 tium
323 1930 456 1980 copias
476 1938 643 1970 armatas
664 1932 878 1982 conspexit.
921 1933 1044 1973 Cuius
1065 1933 1142 1973 loci
1163 1935 1260 1973 haec
1281 1942 1361 1974 erat
1382 1942 1530 1982 natura,

204 2001 322 2044 atque
341 1994 395 2033 ita
415 1995 617 2035 montibus
641 1997 816 2047 angustis
843 2012 949 2037 mare
976 1999 1263 2047 continebatur,
1286 2000 1341 2038 uti
1366 2014 1412 2039 ex
1435 1999 1532 2039 locis

165 2074 185 2104 4
205 2060 468 2110 superioribus
500 2061 540 2099 in
575 2062 664 2101 litus
697 2065 818 2101 telum
852 2063 956 2113 adigi
990 2072 1132 2114 posset.
1195 2067 1317 2103 Hunc
1348 2066 1399 2104 ad
1430 2078 1532 2115 egre—

204 2124 394 2163 diendum
425 2140 675 2178 nequaquam
706 2128 895 2167 idoneum
925 2131 1057 2168 locum
1086 2129 1302 2176 arbitratus,
1327 2131 1421 2168 dum
1450 2129 1531 2167 reli·
1553 2139 1593 2169 30

205 2203 305 2239 quae
337 2205 454 2230 naves
487 2207 535 2231 eo
569 2194 825 2233 convenirent
863 2196 914 2233 ad
949 2197 1084 2233 horam
1126 2209 1271 2234 nonam
1306 2194 1345 2232 in
1377 2193 1530 2232 ancoris

249 2303 267 2322 :2
293 2293 533 2331 pollicerentur
548 2297 570 2329 β
586 2307 592 2325 :
618 2296 822 2335 pollicentur
837 2309 857 2326 α
992 2299 1013 2327 6
1039 2298 1242 2328 tantularum
1259 2299 1301 2331 βε
1328 2301 1493 2327 tantarum
1511 2309 1530 2327 α

205 2347 225 2374 9
251 2345 341 2366 Lxxx
359 2338 381 2370 Β
401 2339 536 2369 Orosius
549 2339 590 2369 vi.
606 2350 626 2378 9
641 2351 646 2368 :
684 2341 887 2379 octingentis
905 2341 1100 2381 octingenta
1117 2341 1149 2370 A
1168 2353 1173 2370 z
1210 2359 1215 2365 ·
1231 2351 1311 2371 Dccc
1324 2358 1330 2365 -
1345 2350 1453 2370 Lxxx·
1471 2340 1528 2371 M:

205 2381 410 2420 octingentis
428 2383 596 2420 octoginta
612 2381 658 2412 B'
