1706 2729
437 138 510 175 DE
542 138 720 176 BELLO
751 137 995 175 GALLICO
1027 137 1127 174 LIB.
1164 137 1179 174 Ι

150 250 219 288 scd
240 250 350 287 hoste
371 248 601 286 habiturum.
663 248 782 295 Quod
806 247 836 285 si
857 261 946 285 eum
968 247 1210 294 interfecerit,
1234 247 1363 286 multis
1385 262 1468 286 sese
1492 261 1526 282 12

150 312 346 351 nobilibus
371 311 689 362 principibusque
715 311 849 360 populi
875 311 1045 349 Romani
1071 319 1221 361 gratum
1248 325 1331 350 esse
1352 313 1469 350 factu-

149 390 259 414 rum:
290 376 329 415 id
353 390 393 414 se
415 376 464 414 ab
489 375 580 424 ipsis
607 388 674 424 per
700 388 834 413 eorum
863 375 1021 413 nuntios
1041 383 1285 424 compertum
1313 377 1466 423 habere,

150 454 315 490 quorum
340 440 515 478 omnium
545 439 705 490 gratiam
731 447 848 489 atque
874 439 1085 478 amicitiam
1113 439 1194 478 eius
1224 448 1346 478 morte
1373 441 1468 479 redi-

111 513 128 544 5
150 518 253 542 mere
273 512 413 554 posset.
474 505 594 551 Quod
615 503 645 541 si
667 503 906 542 discessisset
933 511 970 542 et
996 503 1157 542 liberam
1179 504 1467 553 possessionem
1493 517 1529 547 13

149 568 297 607 Galliae
324 567 396 606 sibi
423 567 654 614 tradidisset,
684 581 825 618 magno
852 581 892 606 se
919 567 1026 605 illum
1055 568 1228 618 praemio
1253 582 1469 607 remunera-

148 640 275 670 turum
297 639 334 670 et
355 645 626 682 quaecumque
653 633 755 670 bella
784 632 863 682 geri
887 634 1002 670 vellet
1029 632 1111 670 sine
1133 634 1211 671 ullo
1233 632 1314 671 eius
1336 633 1468 672 labore

148 704 185 735 et
205 696 378 746 periculo
399 698 679 735 confecturum.

202 762 329 799 Multa
357 762 406 799 ab
437 762 602 800 Caesare
630 762 669 799 in
704 776 789 800 eam
821 762 1052 800 sententiam
1094 762 1197 800 dicta
1232 770 1320 799 sunt
1350 775 1468 811 quare
1487 766 1538 805 45

91 835 128 856 10
147 825 304 874 negotio
333 825 517 864 desistere
547 839 625 864 non
656 833 808 875 posset:
851 839 980 875 neque
1019 839 1128 863 suam
1168 839 1295 875 neque
1334 826 1468 875 populi

148 889 318 927 Romani
356 889 681 928 consuetudinem
721 889 799 938 pati
840 889 893 927 uti
933 889 1080 939 optime
1120 889 1301 927 merentis
1341 889 1468 927 socios

145 954 349 1000 desereret,
381 967 509 1003 neque
538 967 578 992 se
612 953 782 992 iudicare
817 953 983 991 Galliam
1013 953 1142 1003 potius
1172 966 1255 991 esse
1286 953 1467 991 Ariovisti

146 1031 263 1066 quam
302 1017 435 1067 populi
468 1018 647 1056 Romani.
708 1019 818 1056 Bello
852 1026 1052 1067 superatos
1087 1031 1170 1056 esse
1203 1020 1396 1056 Arvernos
1431 1026 1468 1055 et
1491 1036 1503 1055 ε

148 1083 325 1120 Rutenos
354 1082 403 1120 ab
434 1083 481 1130 Q.
516 1082 637 1120 Fabio
668 1082 854 1128 Maximo,
885 1082 1027 1132 quibus
1060 1083 1228 1132 populus
1264 1084 1468 1120 Romanus

89 1144 355 1194 15ignovisset
393 1159 521 1195 neque
560 1145 598 1183 in
637 1145 875 1195 provinciam
910 1145 1121 1195 redegisset
1159 1159 1287 1195 neque
1327 1146 1467 1196 stipen-

145 1209 253 1248 dium
275 1210 531 1260 imposuisset.
579 1211 699 1258 Quod
721 1210 750 1247 si
771 1209 1084 1259 antiquissimum
1105 1211 1292 1259 quodque
1314 1217 1466 1260 tempus
1488 1219 1505 1248 3

144 1273 307 1323 spectari
328 1281 532 1323 oporteret,
555 1273 689 1323 populi
711 1273 880 1311 Romani
901 1273 1154 1311 iustissimum
1177 1287 1260 1311 esse
1281 1273 1320 1311 in
1342 1274 1467 1311 Gallia

143 1337 371 1388 imperium:
410 1337 440 1375 si
468 1337 655 1376 iudicium
676 1344 831 1375 senatus
860 1337 1055 1375 observari
1075 1345 1281 1387 oporteret,
1304 1337 1465 1375 liberam

142 1402 285 1440 debere
324 1415 407 1440 esse
439 1401 616 1447 Galliam,
650 1415 767 1450 quam
799 1401 903 1439 bello
932 1401 1075 1439 victam
1114 1400 1192 1439 suis
1225 1400 1375 1449 legibus
1410 1402 1465 1439 uti

85 1479 123 1500 20
141 1466 334 1505 voluisset.

196 1533 302 1568 Dum
332 1532 428 1569 haec
457 1531 496 1568 in
526 1530 723 1580 colloquio
751 1538 944 1579 geruntur,
968 1529 1125 1569 Caesari
1154 1529 1375 1567 nuntiatum
1406 1538 1463 1568 est
1482 1530 1537 1576 46

141 1595 290 1644 equites
320 1594 501 1633 Ariovisti
535 1594 692 1645 propius
724 1596 917 1632 tumulum
947 1595 1134 1632 accedere
1165 1602 1202 1631 et
1231 1595 1282 1632 ad
1311 1602 1462 1632 nostros

140 1659 375 1709 adequitare,
416 1659 564 1709 lapides
602 1660 756 1708 telaque
799 1659 839 1695 in
886 1666 1038 1696 nostros
1083 1657 1242 1696 coicere.
1322 1660 1464 1697 Caesar
1486 1675 1500 1694 2

140 1724 327 1773 loquendi
360 1725 477 1762 finem
514 1723 603 1761 facit
642 1736 762 1772 seque
800 1724 850 1761 ad
889 1736 979 1761 suos
1018 1722 1163 1772 recepit
1201 1722 1359 1772 suisque
1398 1723 1464 1759 im-

84 1800 120 1831 25
140 1788 286 1837 peravit
315 1802 363 1826 ne
402 1788 510 1837 quod
539 1786 700 1825 omnino
731 1788 849 1824 telum
880 1786 919 1823 in
948 1786 1069 1824 hostis
1104 1785 1299 1824 reicerent.
1361 1787 1463 1824 Nam
1485 1798 1502 1828 3

141 1852 211 1889 etsi
238 1852 320 1890 sine
345 1854 424 1890 ullo
451 1850 623 1901 periculo
652 1850 813 1900 legionis
844 1851 1018 1888 delectae
1045 1863 1135 1888 cum
1162 1849 1336 1899 equitatu
1356 1864 1464 1900 proc-

139 1915 234 1954 lium
269 1918 350 1954 fore
379 1916 548 1961 videbat,
581 1922 711 1952 tamen
750 1913 1077 1952 committendum
1107 1926 1187 1951 non
1216 1914 1377 1963 putabat
1408 1923 1460 1960 ut,

139 1980 258 2030 pulsis
278 1979 467 2026 hostibus,
490 1979 567 2018 dici
588 1986 718 2028 posset
745 1991 811 2016 eos
840 1979 889 2016 ab
917 1991 957 2016 se
977 1992 1045 2028 per
1064 1979 1183 2016 fidem
1204 1977 1243 2015 in
1264 1978 1462 2027 colloquio

139 2043 432 2083 circumventos.
507 2046 767 2093 Posteaquam
800 2043 840 2080 in
869 2044 1004 2092 vulgus
1034 2042 1200 2080 militum
1230 2043 1373 2080 elatum
1403 2049 1461 2080 est
1479 2056 1499 2086 4

81 2119 122 2150 30
138 2122 216 2159 qua
252 2108 468 2158 arrogantia
506 2108 546 2145 in
583 2107 780 2157 colloquio
815 2106 1029 2145 Ariovistus
1064 2119 1155 2144 usus
1194 2105 1301 2144 omni
1335 2105 1461 2144 Gallia

140 2173 330 2212 Romanis
359 2172 628 2218 interdixisset,
651 2171 919 2222 impetumque
948 2171 987 2209 in
1017 2178 1169 2209 nostros
1199 2170 1280 2208 eius
1310 2170 1459 2219 equites

138 2237 330 2284 fecissent,
353 2251 477 2287 eaque
507 2250 564 2275 res
594 2236 834 2286 colloquium
863 2243 905 2273 ut
934 2234 1162 2281 diremisset,
1185 2235 1309 2272 multo
1338 2233 1459 2272 maior

138 2301 312 2341 alacritas
333 2301 585 2351 studiumque
605 2300 804 2351 pugnandi
823 2300 948 2339 maius
969 2298 1151 2338 exercitui
1172 2298 1358 2337 iniectum
1375 2306 1442 2337 est.

379 2415 417 2437 10
440 2409 578 2444 posset:
603 2414 712 2443 neque
733 2403 779 2435 U:
804 2408 939 2443 posset:
964 2407 998 2434 et
1015 2412 1124 2442 neque
1141 2405 1203 2433 cett.
