1768 2739
113 849 151 870 10

116 1170 152 1200 15

117 1494 154 1516 20

438 146 511 182 DE
544 144 723 182 BELLO
754 144 999 182 GALLICO
1031 145 1131 181 LIB.
1168 145 1233 181 ΙΙΙ

171 260 316 307 legatos
347 268 503 306 quoque
537 267 688 292 versum
721 253 927 298 dimittere,
964 253 1175 297 coniurare,
1208 254 1365 292 obsides
1395 254 1494 292 inter

171 335 211 360 se
238 323 339 367 dare,
362 320 493 369 copias
523 331 655 369 parare
685 325 907 367 coeperunt.
970 318 1180 355 Mittuntur
1203 318 1319 356 etiam
1349 319 1399 356 ad
1429 331 1493 356 eas
1517 332 1533 361 3

170 386 344 424 civitates
392 383 504 433 legati
547 396 647 432 quae
689 390 777 420 sunt
819 381 1003 420 citerioris
1048 382 1263 432 Hispaniae
1307 382 1494 420 finitimae

171 448 430 499 Aquitaniae:
461 447 552 485 inde
581 446 721 485 auxilia
751 447 951 496 ducesque
980 454 1235 484 arcessuntur.
1314 448 1492 494 Quorum
1514 460 1534 489 4

170 516 340 553 adventu
372 525 511 562 magna
543 524 631 549 curn
665 510 895 549 auctoritate
929 518 967 549 et
995 524 1135 561 magna
1165 524 1255 549 cum
1287 511 1492 548 hominum

171 577 420 616 multitudine
459 577 607 615 bellum
635 589 766 626 gerere
795 583 995 614 conantur.
1057 578 1188 614 Duces
1218 588 1309 613 vero
1339 575 1373 613 ei
1403 574 1494 613 deli-
1516 585 1532 616 5

169 650 311 693 guntur
337 641 403 692 qui
428 654 506 679 una
530 654 620 678 curn
649 641 697 688 Q.
726 640 895 678 Sertorio
916 639 1043 678 omnis
1070 653 1194 678 annos
1221 641 1373 678 fuerant
1393 652 1495 678 sum-

171 719 354 757 mamque
381 704 583 744 scientiam
610 704 663 743 rei
690 704 863 742 militaris
885 704 1028 743 habere
1049 704 1377 742 existimabantur.
1439 703 1495 741 Hi
1516 712 1534 743 6

170 769 455 810 consuetudine
492 768 627 819 populi
663 768 834 807 Romani
869 770 955 806 loca
988 782 1137 818 capere,
1178 776 1302 806 castra
1331 767 1494 814 munire,

170 834 454 874 commeatibus
493 841 645 871 nostros
683 832 941 871 intercludere
979 832 1194 870 instituunt.
1265 833 1387 880 Quod
1430 831 1533 872 ubi7

171 900 334 954 Crassus
359 897 643 943 animadvertit,
673 910 761 935 suas
792 896 924 946 copias
953 904 1110 946 propter
1139 896 1385 946 exiguitatem
1417 908 1497 933 non

171 963 283 1002 facile
309 961 454 1008 diduci,
483 962 636 999 hostem
670 968 707 999 et
734 960 862 1011 vagari
894 968 931 999 et
957 960 1037 998 vias
1069 960 1249 999 obsidere
1288 968 1325 998 et
1364 959 1497 998 castris

172 1027 262 1066 satis
291 1025 458 1077 praesidi
484 1024 710 1075 relinquere,
742 1025 794 1063 ob
825 1038 912 1063 eam
940 1038 1098 1063 causam
1128 1024 1256 1062 minus
1285 1025 1498 1062 commode

173 1093 411 1130 frumentum
437 1097 780 1140 commeatumque
808 1089 881 1128 sibi
907 1089 1135 1139 supportari,
1158 1089 1196 1127 in
1217 1089 1301 1128 dies
1325 1088 1497 1127 hostium

173 1168 378 1194 numerum
409 1154 550 1204 augeri,
582 1167 662 1192 non
692 1155 958 1192 cunctandum
990 1153 1220 1191 existimavit
1248 1152 1342 1203 quin
1368 1166 1499 1202 pugna

173 1222 396 1259 decertaret.
458 1221 547 1257 Hac
577 1232 616 1257 re
647 1220 697 1257 ad
731 1218 937 1256 consilium
967 1219 1106 1265 delata,
1138 1218 1205 1256 ubi
1235 1217 1363 1256 omnis
1393 1217 1498 1256 idem
1519 1226 1537 1256 8

173 1285 313 1323 sentire
333 1283 530 1330 intellexit,
552 1292 750 1333 posterum
772 1283 875 1321 diem
898 1296 1051 1333 pugnae
1071 1283 1281 1321 constituit.

228 1349 355 1387 Prima
385 1351 471 1387 luce
502 1348 700 1398 productis
736 1348 920 1386 omnibus
950 1348 1072 1397 copiis
1105 1347 1253 1397 duplici
1282 1347 1365 1385 acie
1395 1347 1498 1385 insti-
1518 1356 1569 1393 24

174 1423 266 1462 tuta,
288 1414 437 1453 auxiliis
459 1413 497 1451 in
521 1413 688 1451 mediam
720 1413 843 1451 aciem
873 1412 1056 1459 collectis,
1086 1412 1181 1462 quid
1206 1414 1337 1450 hostes
1362 1411 1499 1450 consili

174 1487 355 1530 caperent
389 1478 649 1528 exspectabat.
724 1477 796 1523 Illi,
830 1477 900 1515 etsi
932 1484 1088 1527 propter
1127 1476 1418 1515 multitudinem
1463 1484 1500 1514 et
1524 1490 1537 1510 2

174 1552 342 1582 veterem
379 1543 467 1581 belli
512 1542 671 1591 gloriam
716 1541 1031 1592 paucitatemque
1075 1549 1295 1579 nostrorum
1335 1554 1375 1579 se
1416 1548 1500 1578 tuto

174 1608 426 1646 dimicaturos
459 1607 742 1652 existimabant,
773 1614 903 1644 tamen
936 1605 1054 1643 tutius
1086 1618 1170 1644 esse
1201 1606 1497 1651 arbitrabantur,

175 1672 343 1710 obsessis
384 1671 453 1709 viis
484 1678 707 1709 commeatu
751 1669 971 1716 intercluso,
1003 1670 1086 1708 sine
1126 1672 1205 1707 ullo
1240 1672 1398 1708 vulnere
1428 1669 1501 1707 vic-

175 1737 272 1775 toria
292 1736 405 1786 potiri
426 1751 433 1780 ;
462 1744 510 1781 et,
533 1735 563 1773 si
584 1742 741 1785 propter
761 1734 933 1784 inopiam
955 1734 1007 1772 rei
1029 1734 1302 1772 frumentariae
1330 1734 1501 1771 Romani
1523 1748 1540 1777 3

139 1812 153 1842 .·
176 1815 260 1840 sese
280 1801 450 1849 recipere
471 1799 702 1849 coepissent,
726 1799 935 1848 impeditos
956 1798 995 1836 in
1015 1798 1170 1847 agmine
1191 1806 1228 1836 et
1250 1799 1321 1836 sub
1343 1798 1501 1836 sarcinis

176 1865 385 1903 infirmiore
411 1864 543 1902 animo
566 1863 706 1902 adoriri
731 1863 964 1913 cogitabant.
1040 1865 1132 1901 Hoc
1153 1863 1316 1901 consilio
1336 1863 1501 1912 probato
1521 1877 1540 1906 4

175 1930 224 1968 ab
246 1929 423 1975 ducibus,
446 1928 645 1978 productis
671 1929 942 1966 Romanorum
970 1927 1103 1978 copiis,
1127 1941 1211 1966 sese
1238 1927 1370 1965 castris
1400 1935 1503 1965 tene-

177 1995 280 2031 bant.
356 1995 444 2031 Hac
484 2006 522 2031 re
561 1999 764 2042 perspecta
801 1993 972 2039 Crassus,
1016 2005 1105 2030 cum
1147 2005 1216 2029 sua
1253 1992 1539 2037 cunctatione5

176 2066 294 2107 atque
328 2057 513 2107 opinione
542 2056 755 2095 timidiores
783 2058 914 2095 hostes
945 2064 1097 2095 nostros
1130 2056 1271 2094 milites
1300 2056 1503 2094 alacriores

120 2132 159 2162 30
176 2124 227 2160 ad
248 2123 501 2172 pugnandum
533 2121 752 2159 effecissent
776 2129 893 2171 atque
924 2121 1100 2159 omnium
1130 2134 1245 2159 voces
1267 2120 1501 2167 audirentur,

178 2185 389 2236 exspectari
410 2185 555 2224 diutius
576 2198 656 2223 non
677 2193 855 2234 oportere
876 2185 971 2234 quin
1000 2186 1051 2224 ad
1075 2192 1198 2223 castra
1221 2185 1347 2231 iretur,
1371 2186 1505 2223 cohor-

178 2258 279 2288 tatus
300 2263 389 2288 suos
412 2249 594 2287 omnibus
616 2248 862 2298 cupientibus
879 2250 928 2287 ad
950 2248 1121 2287 hostium
1142 2257 1266 2287 castra
1289 2250 1501 2288 contendit.

234 2314 294 2352 Ibi
324 2327 413 2351 cum
448 2313 511 2351 alii
543 2315 664 2351 fossas
694 2314 945 2362 complerent,
977 2313 1040 2350 alii
1070 2313 1200 2350 multis
1230 2313 1314 2351 telis
1346 2314 1504 2352 coiectis
1524 2326 1574 2363 25

184 2416 220 2435 12
244 2405 353 2435 diduci
371 2403 416 2434 ed.
438 2415 497 2443 14:
523 2404 642 2434 deduci
661 2403 697 2433 X
775 2414 812 2442 19
837 2404 998 2433 coniectis
1020 2404 1048 2433 T
1105 2413 1147 2442 29
1170 2404 1297 2434 timoris
1315 2403 1504 2444 Stephanus
