1706 2729
446 154 518 190 DE
551 153 728 190 BELLO
759 153 1003 190 GALLICO
1035 154 1136 190 LIB.
1171 155 1188 191 Ι

161 263 369 313 paludibus
389 261 575 301 tenuisset
591 275 719 311 neque
735 262 792 299 sui
809 269 1041 311 potestatem
1058 262 1221 310 fecisset,
1238 262 1478 313 desperantis

160 328 236 365 iam
257 329 306 366 de
327 340 456 377 pugna
476 334 513 365 et
539 326 733 376 dispersos
760 326 889 364 subito
913 327 1093 365 adortum
1120 327 1241 377 magis
1268 326 1416 365 ratione
1440 334 1477 365 et

160 391 322 429 consilio
347 404 464 441 quam
493 390 632 428 virtute
661 390 807 428 vicisse.
868 389 943 429 Cui
969 390 1109 428 rationi
1135 398 1270 429 contra
1295 391 1476 429 homines
1499 402 1517 433 9

159 456 343 494 barbaros
363 462 479 504 atque
499 454 699 504 imperitos
719 456 828 492 locus
848 454 993 501 fuisset,
1008 456 1081 492 hac
1102 467 1152 492 ne
1171 454 1299 504 ipsum
1316 455 1476 504 quidem

121 531 137 561 5
159 533 310 569 sperare
330 526 482 557 nostros
503 518 691 557 exercitus
712 518 797 568 capi
819 531 943 568 posse.
1005 518 1084 567 Qui
1100 532 1214 557 suum
1235 518 1416 557 timorem
1437 519 1476 556 in
1501 533 1540 556 10

158 584 211 622 rei
235 582 506 622 frumentariae
533 582 822 621 simulationem
850 582 1126 633 angustiasque
1155 583 1301 621 itineris
1330 585 1478 621 confer-

158 657 251 695 rent,
279 650 404 687 facere
432 655 662 698 arroganter,
690 662 780 686 cum
809 655 875 686 aut
905 650 954 686 de
984 648 1113 686 officio
1142 648 1384 697 imperatoris
1414 650 1479 687 de-

158 726 310 763 sperare
329 720 395 751 aut
415 713 676 763 praescribere
696 713 927 752 viderentur.
989 715 1102 751 Haec
1129 713 1202 751 sibi
1229 727 1313 751 esse
1340 727 1478 752 curae:
1504 729 1537 751 11

158 779 395 816 frumentum
444 780 656 828 Sequanos,
700 780 862 826 Leucos,
915 779 1112 829 Lingones
1160 779 1476 826 sumministrare,

101 858 140 879 10
158 841 313 892 iamque
347 856 431 881 esse
464 842 504 880 in
538 843 635 893 agris
669 845 862 882 frumenta
900 852 1073 891 matura,
1112 845 1163 882 de
1201 844 1336 882 itinere
1374 844 1479 894 ipsos

157 906 263 944 brevi
284 914 460 956 tempore
480 906 727 946 iudicaturos.
788 909 909 956 Quod
929 921 1009 945 non
1034 909 1115 946 fore
1142 907 1248 946 dicto
1275 907 1478 947 audientes
1502 919 1538 942 12

157 984 284 1020 neque
305 971 412 1021 signa
438 972 549 1010 laturi
577 972 764 1019 dicantur,
787 972 883 1010 nihil
904 986 945 1010 se
965 986 1010 1010 ea
1030 986 1070 1010 re
1090 972 1329 1010 commoveri
1343 987 1354 1020 3
1382 973 1478 1011 scire

158 1035 271 1081 enim,
295 1036 609 1086 quibuscumque
630 1037 818 1075 exercitus
839 1037 946 1075 dicto
969 1037 1133 1075 audiens
1160 1050 1240 1074 non
1267 1037 1389 1084 fuerit,
1412 1046 1478 1075 aut

158 1102 258 1139 male
271 1114 311 1139 re
330 1109 437 1150 gesta
452 1103 647 1140 fortunam
668 1102 838 1140 defuisse
858 1110 925 1140 aut
939 1101 1071 1151 aliquo
1088 1101 1259 1139 facinore
1275 1110 1478 1151 comperto

101 1181 136 1212 15
156 1165 354 1202 avaritiam
376 1179 460 1203 esse
481 1166 699 1204 convictam
717 1181 722 1203 ε
754 1179 863 1204 suam
890 1166 1154 1204 innocentiam
1181 1173 1368 1215 perpetua
1388 1166 1474 1212 vita,

157 1228 378 1267 felicitatem
410 1229 683 1268 Helvetiorum
710 1230 815 1268 bello
842 1243 926 1268 esse
953 1237 1207 1280 perspectam.
1270 1231 1408 1279 Itaque
1437 1243 1478 1268 se
1502 1248 1538 1277 πρ,

156 1294 264 1342 quod
284 1293 323 1330 in
344 1294 559 1343 longiorem
581 1294 685 1332 diem
707 1296 916 1332 collaturus
937 1294 1071 1332 fuisset
1099 1302 1475 1344 repraesentaturum

155 1363 192 1394 et
212 1357 387 1406 proxima
406 1365 522 1396 nocte
542 1359 593 1396 de
613 1365 749 1408 quarta
769 1358 896 1408 vigilia
916 1367 1040 1396 castra
1064 1366 1272 1405 moturum,
1296 1366 1338 1396 ut
1359 1372 1475 1408 quam

154 1420 321 1470 primum
342 1421 564 1472 intellegere
588 1430 719 1472 posset
747 1430 876 1460 utrum
890 1420 1006 1472 ¹apud
1026 1435 1093 1460 eos
1114 1424 1241 1472 pudor
1260 1431 1377 1472 atque
1399 1425 1477 1461 offi-

96 1504 136 1525 20
154 1485 257 1523 cium
281 1499 331 1524 an
354 1486 470 1525 timor
496 1488 649 1525 valeret.
710 1487 831 1535 Quod
855 1486 886 1524 si
912 1495 1109 1536 praeterea
1135 1500 1254 1525 nemo
1281 1496 1473 1537 sequatur,
1503 1504 1539 1536 14

154 1557 285 1588 tamen
318 1563 360 1588 se
393 1564 484 1588 cum
518 1553 601 1589 sola
634 1551 788 1589 decima
826 1550 978 1601 legione
1017 1551 1170 1598 iturum,
1201 1553 1250 1590 de
1284 1565 1362 1601 qua
1396 1566 1475 1590 non

153 1614 358 1661 dubitaret,
374 1615 526 1665 sibique
547 1629 633 1654 eam
654 1615 885 1665 praetoriam
907 1617 1109 1654 cohortem
1130 1617 1308 1654 futuram.
1370 1617 1476 1655 Huic
1500 1631 1535 1663 15

154 1678 296 1728 legioni
323 1680 466 1718 Caesar
497 1687 534 1718 et
563 1679 776 1718 indulserat
806 1679 1013 1729 praecipue
1043 1688 1080 1719 et
1110 1688 1266 1730 propter
1295 1680 1475 1720 virtutem

154 1744 378 1782 confidebat
399 1744 575 1782 maxime.

96 1828 132 1857 25
209 1808 298 1845 Hac
332 1808 506 1846 oratione
537 1809 680 1854 habita,
716 1809 856 1847 mirum
891 1810 928 1846 in
957 1810 1119 1848 modum
1153 1822 1363 1848 conversae
1387 1818 1475 1849 sunt
1494 1821 1539 1858 41

153 1871 329 1909 omnium
372 1880 533 1919 mentes,
574 1886 806 1922 summaque
852 1873 1026 1911 alacritas
1067 1880 1104 1911 et
1144 1874 1336 1924 cupiditas
1384 1875 1475 1913 belli

152 1937 310 1985 gerendi
339 1937 470 1975 innata
499 1946 582 1985 est,
611 1937 870 1988 princepsque
899 1938 1053 1976 decima
1075 1938 1176 1988 legio
1205 1952 1273 1988 per
1299 1939 1473 1977 tribunos
1493 1953 1508 1974 2

154 1999 319 2038 militum
363 2001 397 2039 ei
436 2001 574 2051 gratias
617 2002 693 2050 egit
735 2003 843 2051 quod
880 2003 930 2040 de
975 2016 1015 2040 se
1056 2002 1247 2051 optimum
1287 2002 1473 2041 iudicium

154 2065 316 2112 fecisset,
362 2079 481 2116 seque
524 2080 608 2104 esse
652 2068 702 2104 ad
744 2067 891 2105 bellum
933 2068 1147 2117 gerendum
1192 2067 1473 2116 paratissimam

95 2149 133 2179 30
152 2131 403 2169 confirmavit.
456 2131 611 2169 Deinde
631 2131 801 2181 reliquae
821 2132 992 2182 legiones
1013 2146 1103 2170 cum
1124 2132 1287 2170 tribunis
1308 2133 1473 2171 militum
1495 2148 1512 2177 p,

153 2204 189 2233 et
223 2195 435 2245 primorum
474 2196 656 2234 ordinum
695 2196 987 2235 centurionibus
1028 2205 1188 2247 egerunt
1221 2196 1277 2234 uti
1318 2198 1473 2236 Caesari

195 2312 214 2338 4
240 2301 300 2330 hac
312 2300 475 2340 Bongars.
495 2299 571 2331 III:
595 2311 632 2331 ac
650 2300 685 2330 X
777 2312 813 2340 15
839 2302 1024 2331 convictam
1042 2300 1130 2331 codd.
1148 2312 1218 2331 rece.
1236 2313 1242 2332 :
1263 2301 1471 2332 convinctam

153 2343 209 2373 M:
237 2344 447 2374 coniunctam
464 2342 570 2378 AB‘ss
638 2348 801 2383 perpetua
827 2345 906 2383 vita,
939 2345 1129 2375 felicitatem
1150 2343 1295 2375 Bartlzol.
1325 2344 1472 2376 Riccins:

155 2392 317 2427 perpetua
333 2388 421 2418 vitae
439 2388 597 2418 felicitate
614 2386 749 2416 AB‘T:
775 2392 970 2428 perpetuam
988 2388 1073 2419 vitae
1092 2388 1285 2419 felicitatem
1307 2387 1339 2417 (J
