1768 2739
790 165 835 201 A.
871 165 1037 202 HIRTI

252 287 341 312 cum
363 274 592 313 Commium
620 274 875 325 comperisset
902 275 1110 314 sollicitare
1137 276 1312 316 civitates
1339 285 1377 316 et
1404 277 1578 317 coniura—

250 339 398 378 tionem
427 347 562 378 contra
584 341 792 379 Caesarem
820 342 957 387 facere,
981 340 1252 380 infidelitatem
1280 341 1362 381 eius
1389 342 1473 382 sine
1500 344 1578 382 ulla

213 420 228 448 4
250 404 413 454 perfidia
446 404 632 443 iudicavit
667 405 873 456 comprimi
902 419 1028 456 posse.
1089 407 1220 455 Quem
1250 407 1343 458 quia
1372 421 1452 446 non
1481 407 1578 447 arbi-

249 470 422 508 trabatur
442 478 626 509 vocatum
656 471 695 509 in
725 479 850 509 castra
870 478 1089 518 venturum,
1118 485 1168 510 ne
1198 473 1431 523 temptando
1461 472 1578 512 cauti-

249 548 357 573 orem
400 537 553 582 faceret,
596 537 639 575 C.
663 537 910 575 Volusenum
951 538 1198 585 Quadratum
1240 537 1344 575 misit
1378 537 1444 588 qui
1486 552 1614 585 eum5

248 613 316 650 per
337 600 629 639 simulationem
650 601 822 651 colloqui
843 609 993 640 curaret
1014 601 1340 641 interficiendum.
1400 604 1465 642 Ad
1490 616 1576 642 eam

211 681 228 711 5
248 678 330 703 rem
352 666 527 703 delectos
548 665 714 704 idoneos
735 665 770 704 ei
798 665 914 704 tradit
941 666 1200 705 centuriones.
1261 668 1364 706 Cum
1392 666 1432 705 in
1459 669 1576 706 collo-

248 729 385 779 quium
424 737 585 768 ventum
625 738 726 769 esset
765 738 813 776 et,
851 738 893 768 ut
931 739 1178 779 convenerat,
1215 745 1376 771 manum
1416 732 1575 772 Commi

247 796 472 833 Volusenus
502 794 736 845 arripuisset,
760 795 936 834 centurio
963 797 1022 834 vel
1053 803 1095 834 ut
1124 795 1276 834 insueta
1305 810 1344 835 re
1373 804 1574 847 permotus

245 861 306 898 vel
345 860 520 898 celeriter
557 873 580 898 a
618 859 872 899 familiaribus
911 860 1129 910 prohibitus
1169 860 1340 908 Commi,
1380 862 1574 899 conficere
1599 875 1636 897 10

246 924 448 963 hominem
487 937 567 962 non
602 924 754 974 potuit3
797 924 960 974 graviter
992 932 1123 963 tamen
1162 925 1288 975 primo
1327 924 1407 963 ictu
1444 925 1574 975 gladio

207 997 363 1039 6caput
402 989 600 1039 percussit.
680 990 783 1029 Cum
828 989 1023 1040 utrimque
1061 990 1179 1041 gladii
1218 989 1392 1029 destricti
1431 999 1572 1037 essent,

245 1068 325 1092 non
358 1062 437 1092 tam
464 1054 666 1105 pugnandi
694 1068 812 1104 quam
840 1054 1069 1104 diffugiendi
1100 1055 1171 1093 fuit
1200 1063 1455 1105 utrorumque
1484 1069 1575 1093 con-

244 1118 397 1157 silium:
428 1126 662 1166 nostrorum,
685 1121 794 1169 quod
825 1119 1024 1158 mortifero
1051 1121 1210 1158 vulnere
1238 1119 1465 1160 Commium
1497 1133 1573 1158 cre-

244 1184 392 1222 debant
420 1185 645 1232 adfectum3
686 1186 900 1232 Gallorum,
935 1186 1043 1235 quod
1078 1184 1227 1224 insidiis
1262 1184 1427 1235 cognitis
1461 1186 1571 1236 plura
1594 1200 1631 1231 15

243 1262 361 1298 quam
391 1248 580 1288 videbant
609 1249 925 1288 extimescebam.
986 1251 1078 1298 Quo
1108 1251 1212 1289 facto
1246 1249 1426 1288 statuisse
1455 1251 1572 1289 Com-

244 1313 344 1351 mius
361 1312 565 1352 dicebatur
580 1327 797 1364 numquam
814 1313 854 1352 in
874 1322 1131 1365 conspectum
1152 1314 1384 1365 cuiusquam
1399 1314 1571 1369 Romani

243 1378 385 1417 venire.

173 1457 224 1494 24
299 1443 613 1482 Bellicosissimis
656 1444 839 1493 gentibus
883 1444 1046 1483 devictis
1088 1445 1241 1490 Caesar,
1292 1457 1382 1482 curn
1421 1443 1570 1483 videret

244 1509 391 1545 nullam
431 1507 507 1545 iam
539 1520 624 1546 esse
653 1507 849 1546 civitatem
880 1522 981 1558 quae
1010 1509 1158 1547 bellum
1197 1517 1349 1559 pararet
1378 1522 1457 1558 quo
1496 1508 1570 1547 sibi
1592 1524 1632 1547 20

242 1571 445 1618 resisteret,
478 1573 547 1611 sed
582 1586 662 1610 non
701 1575 830 1611 nullos
869 1587 916 1612 ex
954 1573 1109 1623 oppidis
1139 1573 1366 1624 demigrare,
1398 1587 1444 1611 ex
1472 1573 1571 1623 agris

242 1636 430 1685 diffugere
455 1637 506 1674 ad
530 1650 713 1686 praesens
740 1637 946 1687 imperium
974 1637 1211 1684 evitandum,
1239 1637 1358 1688 pluris
1388 1637 1428 1675 in
1454 1637 1572 1688 partis

207 1718 221 1739 2
243 1701 455 1740 exercitum
485 1701 682 1740 dimittere
711 1702 923 1741 constituit.
985 1705 1039 1740 M.
1072 1702 1293 1741 Antonium
1323 1709 1571 1752 quaestorem

241 1780 332 1804 cum
353 1766 507 1816 legione
527 1766 764 1805 duodecima
784 1767 858 1806 sibi
878 1767 1090 1817 coniungit.
1151 1768 1194 1807 C.
1215 1767 1380 1806 Fabium
1401 1768 1571 1818 legatum

241 1844 332 1869 cuin
354 1830 582 1869 cohortibus
603 1843 690 1869 XXV
710 1831 828 1870 mittit
848 1832 888 1870 in
909 1831 1213 1871 diversissimam
1234 1839 1384 1882 partem
1407 1831 1568 1878 Galliae,
1592 1847 1630 1879 25

241 1896 350 1945 quod
380 1895 435 1934 ibi
465 1897 655 1946 quasdam
685 1897 859 1935 civitates
894 1896 933 1935 in
965 1896 1081 1935 armis
1113 1910 1197 1935 esse
1226 1896 1412 1935 audiebat
1441 1909 1570 1946 neque

243 1961 286 1999 C.
311 1959 522 1999 Caninium
551 1961 739 1999 Rebilum
765 1963 947 2011 legatum,
970 1961 1037 2011 qui
1064 1961 1103 1999 in
1130 1961 1203 1999 illis
1227 1960 1450 2011 regionibus
1477 1967 1568 2007 erat,

207 2037 223 2067 3
242 2024 332 2062 satis
371 2026 500 2064 firmas
544 2027 640 2064 duas
688 2025 860 2076 legiones
908 2026 1052 2064 habere
1100 2025 1355 2064 existimabat.
1431 2026 1476 2062 T.
1501 2026 1572 2063 La-

242 2089 402 2128 bienum
434 2091 485 2128 ad
511 2103 553 2129 se
584 2098 747 2139 evocat3
790 2091 983 2142 legionem
1013 2098 1144 2129 autem
1171 2103 1252 2137 xv.‚
1277 2104 1378 2140 quae
1405 2103 1495 2129 cum
1522 2102 1570 2128 eo

242 2156 364 2193 fuerat
395 2155 435 2193 in
466 2155 651 2202 hibernis,
688 2156 727 2194 in
759 2163 929 2205 togatam
963 2155 1131 2194 Galliam
1166 2155 1282 2193 mittit
1311 2156 1362 2193 ad
1395 2153 1568 2192 colonias
1590 2170 1630 2200 30

241 2219 384 2258 civium
414 2222 686 2259 Romanorum
713 2222 890 2267 tuendas,
913 2234 962 2259 ne
983 2221 1091 2270 quod
1118 2220 1244 2259 simile
1270 2219 1569 2258 incommodum

289 2336 304 2364 7
330 2326 472 2357 idoneos
489 2326 520 2356 ei
535 2336 600 2356 om.
620 2327 642 2359 β
732 2336 752 2364 9
775 2325 867 2356 velut
884 2325 935 2357 X:
960 2324 1013 2356 vel
1030 2324 1163 2366 Lipsius
1261 2334 1304 2355 20
1327 2327 1462 2364 pararet
1478 2322 1567 2357 A‘B:

243 2368 275 2399 id
294 2374 427 2446 parage't
443 2368 504 2399 B':
530 2369 708 2409 adp-araret
724 2369 846 2400 Davz'es
991 2379 1033 2408 29
1057 2379 1104 2399 xv
1119 2367 1315 2408 szperdey:
1336 2366 1568 2399 duodecimam

241 2423 282 2441 a:
308 2421 356 2442 xri
