1706 2729
593 150 634 186 C.
672 149 785 186 IVLI
819 149 1086 186 CAESARIS

178 264 391 309 castellum,
432 262 493 300 cui
533 270 705 312 praeerat
746 262 793 310 Q.
832 260 1003 299 Titurius
1039 262 1196 310 legatus,
1239 271 1502 312 expugnarent

139 336 419 378 5pontemque
467 326 820 368 interscinderent2
869 326 896 363 si
945 326 1072 364 minus
1115 326 1344 377 potuissent,
1393 340 1504 376 agros

111 531 156 559 10

178 395 395 431 Remorum
423 394 712 443 popularentur,
745 391 811 442 qui
842 404 984 441 magno
1018 391 1132 430 nobis
1162 391 1248 429 usui
1277 393 1326 430 ad
1356 393 1503 430 bellum

175 459 391 508 gerendum
412 465 531 504 erant,
554 464 858 506 commeatuque
878 464 1031 495 nostros
1051 456 1312 507 prohiberent.

231 523 375 561 Caesar
394 522 533 560 certior
552 523 676 559 factus
697 522 746 559 ab
767 520 920 559 Titurio
934 534 1094 559 omnem
1115 521 1331 571 equitatum
1352 530 1390 561 et
1409 522 1504 561 levis
1525 532 1542 564 5

175 595 392 625 armaturae
424 586 629 633 Numidas,
662 586 879 624 funditores
906 586 1200 636 sagittariosque
1233 595 1395 637 pontem
1433 595 1504 626 tra·

139 663 153 683 2
176 651 283 690 ducit
304 659 421 700 atque
441 651 493 689 ad
513 664 580 689 eos
607 650 821 689 contendit.
881 650 1032 689 Acriter
1051 651 1091 688 in
1112 664 1159 689 eo
1179 652 1267 690 loco
1287 660 1503 702 pugnatum

122 729 128 733 “
175 723 242 753 est.
304 714 442 753 Hostis
469 715 680 765 impeditos
709 715 830 753 nostri
860 715 899 753 in
926 715 1088 753 flumine
1120 716 1286 765 aggressi
1318 730 1503 767 magnum

137 792 154 821 3
174 793 309 817 eorum
349 793 555 818 numerum
585 779 840 827 occiderunt;
881 794 950 830 per
978 793 1114 818 eorum
1144 794 1306 831 corpora
1335 781 1503 832 reliquos

113 1824 147 1850 11

172 844 432 883 audacissime
463 844 623 882 transire
654 844 832 882 conantis
859 844 1109 883 multitudine
1138 846 1302 883 telorum
1330 848 1505 896 reppule·
1526 855 1566 877 10

173 917 262 946 runt
277 924 286 957 ς
326 909 472 959 primos
502 909 569 959 qui
600 909 829 947 transierant
868 909 1043 959 equitatu
1077 909 1362 949 circumventos
1392 910 1504 950 inter-

174 974 357 1012 fecerunt.
431 976 590 1021 Hostes,
626 974 693 1012 ubi
732 982 770 1012 et
808 975 857 1012 de
897 975 1158 1024 expugnando
1193 974 1341 1024 oppido
1379 983 1416 1013 et
1454 977 1504 1014 de

172 1038 334 1076 flumine
361 1040 600 1077 transeundo
632 1052 742 1088 spem
777 1052 818 1077 se
856 1038 1037 1077 fefellisse
1075 1039 1345 1077 intellexerunt
1375 1054 1504 1090 neque

173 1111 326 1141 nostros
374 1103 413 1140 in
455 1105 585 1141 locum
629 1103 862 1153 iniquiorem
912 1103 1091 1153 progredi
1139 1103 1339 1153 pugnandi
1387 1117 1503 1142 causa

172 1167 352 1205 viderunt
383 1176 500 1217 atque
532 1168 636 1218 ipsos
671 1181 730 1206 res
762 1167 1011 1206 frumentaria
1041 1169 1208 1206 deficere
1242 1168 1382 1218 coepit,
1414 1182 1503 1207 con·
1527 1180 1562 1211 ¹5

173 1232 262 1270 cilio
292 1240 522 1279 convocato,
554 1232 840 1271 constituerunt
868 1232 1061 1282 optimum
1092 1245 1176 1270 esse
1203 1233 1366 1270 domum
1392 1246 1501 1271 suam

172 1311 371 1347 quemque
424 1297 559 1336 reverti
610 1306 647 1336 et
692 1311 859 1347 quorum
904 1297 942 1334 in
991 1297 1077 1335 finis
1120 1297 1288 1347 primum
1333 1298 1503 1336 Romani

172 1362 383 1400 exercitum
411 1362 714 1400 introduxissent
743 1363 794 1400 ad
822 1375 888 1400 eos
916 1363 1188 1400 defendendos
1213 1362 1387 1412 undique
1414 1376 1504 1401 con-

172 1425 381 1479 venire[nt]
399 1442 407 1474 3
438 1434 479 1464 ut
499 1427 628 1476 potius
649 1426 688 1464 in
710 1426 788 1464 suis
810 1439 927 1475 quam
950 1426 989 1463 in
1010 1426 1144 1464 alienis
1166 1426 1309 1464 finibus
1334 1428 1504 1465 decerta—

172 1498 257 1529 rent
292 1498 329 1529 et
359 1490 585 1529 domesticis
625 1490 747 1540 copiis
783 1491 834 1528 rei
867 1490 1140 1528 frumentariae
1171 1499 1378 1529 uterentur.
1439 1494 1502 1530 Ad
1526 1504 1564 1526 ²0

171 1569 258 1593 eam
289 1556 522 1594 sententiam
551 1570 641 1593 cum
669 1555 825 1605 reliquis
853 1555 978 1593 causis
1010 1557 1106 1593 haec
1128 1570 1286 1606 quoque
1310 1557 1406 1595 ratio
1437 1570 1503 1595 eos

169 1620 341 1667 deduxit,
377 1621 484 1669 quod
526 1620 769 1657 Diviciacum
801 1629 918 1669 atque
951 1621 1112 1658 Aeduos
1149 1620 1290 1658 finibus
1332 1623 1504 1659 Bellova-

169 1697 303 1722 corum
351 1683 665 1734 appropinquare
712 1692 985 1734 cognoverant.
1066 1685 1141 1722 His
1189 1686 1411 1735 persuaderi
1463 1694 1504 1723 ut

168 1749 313 1787 diutius
340 1756 582 1787 morarentur
609 1762 738 1798 neque
766 1749 844 1787 suis
868 1749 1053 1787 auxilium
1078 1752 1220 1789 ferrent
1240 1765 1319 1789 non
1341 1760 1501 1801 poterat.

224 1815 282 1851 Ea
312 1828 351 1852 re
381 1813 602 1859 constituta,
632 1815 805 1852 secunda
831 1814 957 1865 vigilia
981 1828 1124 1865 magno
1151 1829 1240 1853 cum
1269 1816 1430 1866 strepitu
1459 1831 1503 1855 ac
1526 1831 1562 1861 25

168 1879 338 1916 tumultu
366 1877 498 1915 castris
534 1878 687 1928 egressi,
723 1880 831 1916 nullo
863 1887 969 1917 certo
1001 1879 1138 1918 ordine
1170 1893 1298 1930 neque
1326 1880 1501 1931 imperio,

165 1956 255 1979 cum
280 1942 353 1980 sibi
380 1942 546 1992 quisque
568 1943 737 1993 primum
770 1944 915 1982 itineris
947 1946 1077 1982 locum
1102 1952 1250 1994 peteret
1275 1953 1313 1983 et
1339 1946 1503 1983 domum

166 2007 366 2056 pervenire
401 2016 635 2057 properaret,
660 2009 834 2046 fecerunt
864 2016 905 2046 ut
933 2008 1146 2046 consimilis
1177 2011 1289 2059 fugae
1314 2009 1503 2059 profectio

130 2083 143 2103 Ξ
166 2071 369 2110 videretur.
436 2074 524 2110 Hac
556 2086 595 2110 re
625 2073 755 2110 statim
784 2074 928 2112 Caesar
954 2086 1022 2123 per
1055 2075 1317 2123 speculatores
1347 2073 1502 2123 cognita

130 2212 146 2241 P·

166 2135 326 2173 insidias
358 2136 511 2183 veritus,
549 2138 657 2186 quod
696 2151 773 2187 qua
806 2139 856 2175 de
890 2150 1008 2175 causa
1039 2137 1285 2176 discederent
1324 2139 1501 2176 nondum
1525 2153 1563 2183 30

167 2210 425 2250 perspexerat,
444 2202 654 2240 exercitum
669 2202 967 2251 equitatumque
981 2202 1113 2240 castris
1128 2202 1329 2241 continuit.
1375 2202 1502 2240 Prima

166 2267 265 2311 luce,
289 2267 517 2304 confirmata
537 2280 577 2304 re
603 2268 652 2304 ab
678 2266 995 2316 exploratoribus,
1018 2280 1177 2306 omnem
1199 2268 1413 2317 equitatum
1435 2267 1500 2316 qui

169 2330 423 2368 novissimum
460 2345 599 2380 agmen
633 2338 846 2369 moraretur
870 2331 1078 2380 praemisit.
1152 2332 1226 2369 His
1257 2332 1304 2379 Q
1334 2331 1499 2369 Pedium

269 2442 286 2469 5
312 2431 675 2463 Cac<a1·Fl‹›d0nrclus:
700 2442 762 2462 om.
786 2431 821 2461 X
983 2434 1019 2464 18
1044 2432 1225 2464 convenire
1242 2431 1399 2475 Plrffgm
