1706 2729
587 129 630 165 C.
665 129 780 166 IVLI
813 128 1081 167 CAESARIS

175 241 380 278 Helvetios
402 248 526 278 castra
554 240 733 285 movisse,
757 248 793 277 et
825 239 1059 277 Considium
1090 238 1231 277 timore
1252 238 1498 289 perterritum

133 318 149 347 5
172 305 280 354 quod
312 318 390 342 non
419 304 578 342 vidisset
610 316 678 353 pro
708 304 791 341 viso
821 303 893 341 sibi
925 303 1178 341 renuntiasse.
1242 305 1301 340 Eo
1329 302 1393 341 die
1419 315 1499 353 quo

172 376 379 407 consuerat
410 368 611 406 intervallo
642 368 764 406 hostis
794 368 980 417 sequitur,
1010 377 1047 407 et
1080 368 1186 407 inilia
1215 381 1402 418 passuum
1429 367 1500 406 tria

171 434 222 471 ab
243 446 379 472 eorum
401 433 534 471 castris
556 440 680 470 castra
701 432 821 482 ponit.

100 507 151 544 23
229 497 421 536 Postridie
449 497 532 535 eius
563 496 652 543 diei,
675 498 784 546 quod
812 497 976 536 omnino
1003 497 1170 536 biduum
1192 504 1390 547 supererat
1411 509 1502 535 cum
1523 506 1539 536 5

173 561 357 600 exercitui
374 563 613 599 frumentum
635 560 761 598 metiri
778 568 986 610 oporteret,
1004 568 1043 599 et
1062 562 1172 610 quod
1188 574 1211 599 a
1224 560 1417 608 Bibracte,
1436 573 1502 610 op-

173 626 269 676 pido
289 627 520 664 Aeduorum
541 627 657 675 longe
678 625 850 664 maximo
871 632 908 664 et
929 625 1216 675 copiosissimo,
1238 639 1319 664 non
1333 625 1501 675 amplius

120 739 126 743 g
174 691 331 729 milibus
357 704 544 741 passuum
568 702 674 728 XVIII
702 690 847 737 aberat,
875 690 929 728 rei
962 690 1239 729 frumentariae
1263 690 1502 740 prospicien-

173 757 269 793 dum
309 754 568 793 existimavit:
617 754 688 792 iter
735 754 786 792 ab
826 754 1020 792 Helvetiis
1060 754 1197 793 avertit
1235 767 1281 792 ac
1320 754 1503 793 Bibracte

138 839 152 860 2
174 819 227 857 ire
261 818 475 857 contendit.
538 820 597 857 Ea
625 831 685 856 res
714 831 783 868 per
812 817 993 868 fugitivos
1024 819 1066 856 L.
1091 818 1246 865 Aemili,
1278 818 1502 857 decurionis
1524 831 1564 854 10

137 896 154 927 3
174 883 350 933 equiturn
374 884 589 929 Gallorum,
612 882 793 921 hostibus
814 882 1025 921 nuntiatur.
1088 882 1274 928 Helvetii,
1304 896 1372 921 seu
1393 883 1503 932 quod

174 947 313 986 timore
341 946 563 997 perterritos
592 948 797 985 Romanos
825 947 1028 985 discedere
1054 960 1078 985 a
1097 960 1138 985 se
1160 946 1436 993 existimarent,
1455 960 1503 985 eo

175 1011 297 1061 magis
315 1013 423 1061 quod
444 1011 569 1061 pridie
591 1011 856 1060 superioribus
872 1011 969 1049 locis
990 1010 1192 1060 occupatis
1213 1010 1405 1060 proelium
1422 1023 1502 1049 non

175 1075 476 1121 commisissent,
500 1075 579 1113 sive
606 1088 654 1113 eo
683 1076 793 1125 quod
820 1088 859 1113 re
880 1075 1132 1113 frumentaria
1159 1074 1367 1113 intercludi
1387 1088 1504 1124 posse

175 1140 430 1185 confiderent,
479 1146 723 1177 commutato
773 1139 938 1177 consilio
982 1147 1100 1189 atque
1139 1138 1276 1177 itinere
1314 1152 1505 1178 converso
1526 1150 1563 1181 Ῐ5

147 1217 150 1220 ·
176 1210 330 1241 nostros
351 1216 373 1240 a
394 1202 609 1241 novissimo
629 1202 785 1252 agmine
806 1203 960 1253 insequi
981 1216 1026 1241 ac
1048 1204 1237 1241 lacessere
1258 1211 1483 1253 coeperunt.

106 1277 156 1314 24
232 1269 446 1316 Postquam
480 1267 520 1305 id
559 1267 735 1305 animum
773 1267 949 1313 advertit,
990 1267 1124 1316 copias
1164 1280 1253 1306 suas
1287 1269 1432 1306 Caesar
1465 1268 1505 1306 in

177 1331 397 1380 proximum
438 1332 578 1369 collem
615 1331 811 1377 subducit,
852 1331 1151 1381 equitatumque
1190 1331 1257 1381 qui
1298 1331 1506 1370 sustineret

141 1395 349 1433 2hostium
396 1394 587 1444 impetum
628 1395 741 1433 misit.
817 1396 909 1445 Ipse
946 1396 1101 1434 interim
1148 1396 1187 1433 in
1233 1397 1334 1434 colle
1374 1397 1506 1435 medio

177 1459 367 1508 triplicem
408 1459 532 1497 aciem
564 1459 741 1497 instruxit
780 1460 979 1509 legionum
1019 1467 1203 1510 quattuor
1233 1468 1505 1499 veteranorum
1528 1472 1568 1494 20

140 1534 158 1564 3
179 1521 247 1575 [ita
275 1523 330 1561 uti
359 1521 518 1575 supra]3
547 1524 617 1561 sed
642 1523 680 1561 in
713 1537 869 1561 summo
897 1524 987 1573 iugo
1017 1525 1115 1562 duas
1145 1524 1319 1573 legiones
1340 1537 1437 1574 quas
1466 1524 1506 1562 in

179 1587 305 1625 Gallia
344 1587 521 1625 citeriore
568 1586 743 1636 proxime
786 1587 1069 1637 conscripserat
1108 1594 1146 1625 et
1185 1588 1319 1625 onmia
1366 1588 1507 1626 auxilia

179 1652 372 1697 collocari,
395 1665 440 1690 ac
461 1659 587 1691 totum
618 1660 793 1691 montem
819 1652 1046 1691 hominibus
1074 1653 1274 1702 compleri,
1297 1660 1335 1691 et
1360 1652 1508 1692 interea

180 1716 349 1755 sarcinas
380 1716 419 1753 in
449 1730 571 1754 unum
605 1718 737 1754 locum
770 1717 946 1763 conferri,
989 1725 1026 1755 et
1065 1730 1155 1755 eum
1195 1718 1246 1755 ab
1276 1717 1331 1755 eis
1365 1717 1432 1766 qui
1468 1717 1506 1755 in

141 1780 377 1830 4superiore
416 1780 499 1819 acie
534 1781 788 1819 constiterant
828 1781 969 1819 muniri
1008 1781 1128 1819 iussit.
1204 1781 1377 1819 Helvetii
1416 1794 1507 1819 cum
1530 1795 1566 1826 ²5

180 1845 364 1883 omnibus
399 1845 478 1883 suis
513 1845 628 1883 carris
661 1845 784 1883 secuti
817 1844 1100 1895 impedimenta
1133 1845 1172 1882 in
1212 1858 1335 1883 unum
1375 1846 1507 1883 locum

180 1910 429 1947 contulerunt
447 1924 453 1953 ;
483 1909 555 1958 ipsi
578 1909 861 1947 confertissima
881 1909 976 1955 acie,
999 1909 1144 1947 reiecto
1164 1916 1298 1947 nostro
1319 1908 1506 1958 equitatu,

180 1974 372 2022 phalange
393 1974 495 2010 facta
515 1974 589 2011 sub
610 1974 775 2023 primam
798 1981 971 2011 nostram
993 1973 1119 2011 aciem
1141 1979 1422 2011 successerunt.

111 2043 161 2081 25
235 2038 378 2076 Caesar
399 2037 568 2087 primum
586 2052 668 2085 suo,
686 2038 831 2077 deinde
847 2038 1025 2076 omnium
1046 2051 1092 2076 ex
1113 2044 1328 2087 conspectu
1348 2036 1507 2075 remotis

181 2102 302 2150 equis,
337 2110 378 2140 ut
416 2110 585 2152 aequato
621 2102 799 2141 omnium
833 2102 1008 2151 periculo
1042 2114 1151 2151 spem
1191 2103 1304 2150 fugae
1342 2101 1505 2145 tolleret,
1527 2113 1566 2144 30

147 2178 160 2198 2
181 2166 407 2204 cohortatus
430 2180 521 2205 suos
542 2166 734 2216 proelium
751 2166 957 2204 commisit.
1004 2164 1151 2203 Milites
1168 2178 1188 2202 e
1204 2166 1293 2202 loco
1310 2162 1507 2213 superiore

182 2228 268 2277 pilis
308 2230 434 2267 missis
480 2230 592 2268 facile
630 2230 802 2267 hostium
841 2230 1076 2278 phalangem
1114 2229 1387 2278 perfregerunt.
1449 2227 1507 2263 Ea

147 2306 163 2336 3
182 2293 355 2337 disiecta,
378 2294 515 2342 gladiis
539 2293 732 2332 destrictis
753 2293 791 2330 in
820 2306 887 2331 eos
918 2293 1107 2342 impetum
1138 2294 1321 2330 fecerunt.
1383 2290 1505 2328 Gallis

271 2403 307 2423 21
337 2394 380 2423 ita
398 2393 444 2423 uti
462 2402 563 2432 supra
580 2393 636 2424 del.
659 2392 852 2433 Oudendorp
1040 2393 1098 2422 sed
1117 2391 1208 2421 A'B'
1227 2403 1233 2420 τ
1259 2401 1296 2421 se
1313 2390 1419 2424 Ε’ΒΒ2
