1768 2739
442 145 515 182 DE
547 143 724 181 BELLO
756 143 1000 181 GALLICO
1032 144 1132 180 LIB.
1169 144 1233 180 III

173 254 300 293 omnis
334 256 511 292 fortunae
539 252 683 291 exitum
718 265 801 290 esse
834 253 1004 292 laturos:
1044 252 1289 302 reliquasque
1320 253 1493 292 civitates
1513 262 1532 292 4

173 318 392 364 sollicitant,
424 325 466 355 ut
497 316 536 354 in
570 330 615 354 ea
641 315 817 354 libertate
848 330 965 365 quarn
990 330 1012 354 a
1039 316 1250 355 maioribus
1274 317 1495 368 acceperint

172 396 398 433 permanere
430 395 547 431 quam
574 382 845 418 Romanorum
874 379 1097 418 servitutem
1124 382 1289 430 perferre
1323 368 1491 420 mallent.

173 447 294 487 Omni
314 460 380 486 ora
405 445 596 484 maritima
623 444 797 483 celeriter
819 445 871 483 ad
898 457 1007 483 suam
1033 444 1266 483 sententiam
1294 446 1491 495 perducta,
1516 455 1531 485 5

133 522 150 552 5
171 524 422 550 communem
460 509 694 560 legationem
728 510 778 547 ad
814 511 854 546 P.
892 511 1076 548 Crassum
1116 508 1297 547 mittunt:
1341 509 1372 547 si
1404 510 1494 548 velit

171 590 261 615 suos
282 575 461 626 recipere,
485 573 642 613 obsides
663 573 736 611 sibi
758 573 936 612 remittat.

225 640 379 689 Quibus
409 641 459 678 de
488 639 603 678 rebus
628 639 772 678 Caesar
800 639 850 676 ab
881 640 1022 678 Crasso
1051 638 1190 677 certior
1219 640 1354 685 factus,
1386 641 1494 690 quod
1513 648 1541 685 9

170 705 252 756 ipse
271 705 405 743 aberat
424 703 587 754 longius,
605 702 712 741 navis
734 702 886 741 interim
907 704 1042 753 longas
1061 703 1257 742 aedificari
1278 703 1316 742 in
1334 703 1494 743 flumine

172 769 318 820 Ligere,
359 770 468 819 quod
506 767 631 806 influit
670 767 709 805 in
749 769 964 814 Oceanum,
1006 767 1169 818 remiges
1213 782 1258 806 ex
1296 765 1495 818 provincia

114 849 150 870 10
170 833 328 880 institui,
350 841 488 872 nautas
509 833 866 883 gubernatoresque
887 832 1103 882 comparari
1120 832 1238 871 iubet.
1283 833 1358 871 His
1380 834 1495 872 rebus
1518 847 1531 867 2

170 898 344 937 celeriter
373 896 651 937 administratis
679 896 772 947 ipse,
802 910 891 935 cum
920 896 1088 947 primum
1121 910 1189 947 per
1220 897 1311 935 anni
1340 905 1495 948 tempus

170 963 308 1014 potuit,
339 964 390 1002 ad
420 962 630 1001 exercitum
661 962 873 1000 contendit.
948 962 1089 1000 Veneti
1122 961 1372 1012 reliquaeque
1402 962 1494 1001 item
1518 973 1534 1001 3

170 1027 344 1066 civitates
383 1027 541 1077 cognito
576 1026 752 1066 Caesaris
785 1028 956 1065 adventu
996 1025 1194 1078 [certiores
1228 1025 1348 1078 facti],
1381 1026 1495 1065 simul

172 1093 280 1142 quod
320 1099 510 1142 quantum
550 1091 588 1129 in
640 1106 680 1129 se
720 1091 867 1129 facinus
918 1091 1166 1129 admisissent
1205 1090 1493 1141 intellegebant,

115 1171 151 1202 15
172 1157 328 1206 legatos,
348 1157 455 1206 quod
476 1169 621 1194 nomen
641 1157 692 1194 ad
713 1155 838 1193 omnis
860 1155 1037 1193 nationes
1059 1162 1236 1193 sanctum
1255 1154 1497 1193 inviolatum-

172 1234 248 1271 que
269 1234 422 1270 semper
442 1220 586 1267 fuisset,
610 1228 779 1258 retentos
800 1221 850 1258 ab
875 1233 915 1258 se
943 1228 980 1258 et
1005 1219 1042 1256 in
1070 1219 1197 1257 vincla
1221 1219 1403 1265 coiectos‚
1427 1233 1496 1269 pro

172 1284 440 1336 magnitudine
481 1285 641 1335 periculi
677 1285 823 1322 bellum
863 1298 996 1334 parare
1035 1292 1072 1322 et
1112 1284 1278 1321 maxime
1317 1297 1363 1321 ea
1396 1297 1496 1333 quae

170 1351 221 1388 ad
242 1362 354 1387 usum
376 1348 531 1386 navium
559 1349 753 1399 pertinent
782 1349 985 1399 providere
1010 1348 1227 1395 instituunt,
1251 1350 1326 1386 hoc
1351 1347 1497 1386 maiore

171 1428 239 1465 spe
269 1415 376 1464 quod
402 1416 567 1452 multum
596 1422 731 1452 natura
759 1413 833 1452 loci
861 1414 1124 1452 confidebant.
1186 1413 1385 1451 Pedestria
1412 1427 1496 1451 esse
1515 1426 1535 1456 4

114 1497 152 1519 20
171 1478 306 1517 itinera
335 1478 491 1517 concisa
520 1478 730 1525 aestuariis,
763 1478 1049 1529 navigationem
1079 1478 1307 1528 impeditam
1340 1486 1497 1528 propter

170 1543 414 1581 inscientiam
431 1545 605 1581 locorum
623 1543 939 1593 paucitatemque
956 1551 1139 1593 portuum
1157 1543 1344 1590 sciebant,
1368 1556 1496 1593 neque
1517 1559 1534 1590 5

171 1615 322 1646 nostros
344 1607 532 1646 exercitus
557 1615 713 1658 propter
740 1607 922 1646 frumenti
950 1607 1123 1658 inopiam
1152 1607 1296 1646 diutius
1323 1608 1429 1657 apud
1456 1621 1496 1645 se

172 1672 310 1711 morari
326 1686 441 1722 posse
457 1673 710 1711 confidebant
727 1688 734 1717 ς
757 1686 802 1710 ac
819 1672 895 1710 iarn
914 1680 955 1710 ut
970 1672 1102 1710 omnia
1118 1680 1253 1710 contra
1268 1672 1495 1723 opinionem
1516 1681 1535 1712 6

171 1737 402 1784 acciderent,
430 1745 561 1775 tamen
591 1751 631 1775 se
660 1737 870 1787 plurimum
900 1737 1063 1775 navibus
1093 1750 1220 1787 posse,
1248 1735 1393 1789 [quam]
1421 1738 1498 1775 Ro-

115 1816 129 1837 2
135 1816 152 1846 5
172 1815 309 1840 manos
329 1815 458 1852 neque
478 1803 596 1840 ullam
617 1803 841 1840 facultatem
862 1802 1006 1840 habere
1026 1801 1183 1839 navium
1208 1815 1337 1851 neque
1361 1814 1496 1839 eorum

171 1868 346 1905 locorum
386 1866 453 1905 ubi
492 1867 638 1905 bellurn
677 1866 820 1917 gesturi
858 1874 987 1905 essent
1025 1867 1135 1913 vada,
1169 1874 1314 1916 portus,
1350 1865 1495 1904 insulas

172 1931 349 1979 novisse3
378 1945 424 1969 ac
444 1933 558 1981 longe
578 1931 693 1969 aliam
715 1945 799 1969 esse
820 1930 1107 1981 navigationem
1128 1930 1168 1968 in
1188 1932 1376 1969 concluso
1400 1929 1494 1968 mari
1516 1943 1532 1976 7

172 2004 289 2046 atque
310 1996 348 2033 in
369 1995 587 2034 vastissimo
607 2003 725 2045 atque
744 1995 988 2046 apertissimo
1010 1997 1171 2035 Oceano
1195 1994 1493 2045 perspiciebant.

176 2061 250 2098 His
286 2060 388 2099 initis
419 2060 589 2099 consiliis
629 2060 775 2111 oppida
808 2060 999 2107 muniunt,
1031 2063 1225 2099 frumenta
1254 2074 1301 2098 ex
1329 2059 1427 2109 agris
1458 2058 1497 2097 in
1517 2069 1535 2099 8

116 2138 154 2169 30
173 2127 319 2178 oppida
363 2134 620 2178 comportant,
670 2126 777 2165 navis
833 2126 873 2164 in
911 2126 1130 2173 Venetiam,
1178 2125 1245 2164 ubi
1289 2126 1497 2164 Caesarem

174 2191 342 2242 primum
376 2206 460 2230 esse
494 2192 641 2230 bellum
675 2200 872 2241 gesturum
907 2191 1123 2237 constabat,
1159 2203 1277 2240 quam
1312 2189 1497 2240 plurimas

174 2264 338 2307 possunt
369 2265 522 2307 cogunt.
583 2255 718 2295 Socios
746 2255 819 2295 sibi
845 2257 896 2294 ad
923 2256 962 2295 id
987 2257 1134 2295 bellum
1160 2254 1349 2301 Osismos,
1378 2256 1498 2293 Lexo-
1517 2266 1535 2296 9

219 2370 237 2389 2
261 2360 451 2398 acceperint
469 2360 510 2392 B:
537 2363 737 2398 acceperant
753 2370 772 2388 α
927 2369 945 2397 3
970 2358 1085 2389 malint
1103 2360 1124 2391 Β
1274 2368 1311 2396 13
1337 2357 1500 2388 certiores

177 2402 251 2434 sacti
268 2401 322 2433 X:
348 2402 404 2433 dcl.
423 2401 533 2432 Aldus
645 2412 683 2440 24
709 2411 806 2440 quam
823 2401 878 2432 dcl.
893 2402 937 2432 cd.
953 2413 967 2431 1
