1706 2729
427 137 500 174 DE
532 135 711 174 BELLO
742 136 987 174 GALLICO
1018 137 1120 174 LIB.
1156 137 1196 174 11

151 260 343 286 consensu
374 248 519 297 legatos
549 248 599 285 ad
634 247 840 286 Caesarem
881 247 1067 285 miserunt
1101 261 1221 297 seque
1251 248 1285 288 ei
1315 249 1472 288 dedide-
1497 264 1511 285 ι

150 320 248 358 runt,
271 320 308 350 et
332 311 372 350 in
398 312 744 350 commemoranda
773 311 937 349 civitatis
965 312 1183 351 calamitate
1213 327 1259 351 ex
1288 314 1472 352 sescentis

148 377 198 414 ad
219 375 284 415 tris
305 384 512 422 senatores,
529 389 574 413 ex
594 375 800 413 hominum
822 375 978 413 milibus
1001 388 1053 414 Lx
1074 376 1135 414 vix
1154 378 1205 415 ad
1226 377 1470 428 quingentos,

148 440 214 491 qui
234 454 340 479 arma
366 442 462 478 ferre
489 447 657 490 possent,
681 453 765 478 sese
795 441 973 478 redactos
1003 454 1087 478 esse
1111 441 1300 479 dixerunt.
1361 443 1471 490 Quos
1495 454 1512 484 3

110 512 127 544 5
149 506 299 552 Caesar,
324 512 365 542 ut
390 505 428 542 in
454 504 613 543 miseros
637 518 683 543 ac
713 504 908 555 supplices
929 519 1021 543 usus
1044 505 1307 543 misericordia
1328 506 1472 544 videre-

147 577 217 615 tur,
240 568 532 618 diligentissime
556 568 798 608 conservavit
824 569 982 619 suisque
1010 569 1152 607 finibus
1178 577 1296 619 atque
1317 570 1471 620 oppidis

146 632 200 670 uti
221 632 330 671 iussit
349 640 387 671 et
413 633 586 671 finitimis
615 633 817 683 imperavit
846 641 889 671 ut
914 634 964 672 ab
991 632 1128 671 iniuria
1156 640 1193 671 et
1217 634 1409 673 maleficio
1430 648 1471 673 se

145 711 314 747 suosque
335 697 595 748 prohiberent.

198 761 404 808 Aduatuci,
424 763 472 800 de
493 761 635 812 quibus
655 776 770 812 supra
790 762 1025 812 scripsimus,
1041 776 1129 801 cum
1147 763 1331 802 omnibus
1348 763 1469 814 copiis
1490 772 1544 810 29

88 839 126 860 10
144 826 285 864 auxilio
325 826 476 865 Nerviis
515 826 698 874 venirent,
741 829 813 865 hac
859 841 988 877 pugna
1030 827 1206 865 nuntiata
1250 843 1296 866 ex
1335 828 1469 867 itinere

143 891 307 928 domum
343 898 606 937 reverterunt3
646 891 796 929 cunctis
826 891 980 941 oppidis
1015 892 1260 942 castellisque
1294 893 1467 939 desertis,
1494 913 1506 933 ε

144 967 212 992 sua
232 954 364 993 onmia
390 954 428 992 in
456 969 578 993 unum
608 955 798 1005 oppidum
824 955 973 1005 egregie
1004 964 1136 993 natura
1166 956 1357 994 munitum
1381 972 1470 995 con-

145 1020 324 1057 tulerunt.
383 1020 503 1067 Quod
533 1033 622 1057 cum
647 1033 694 1057 ex
717 1019 900 1057 omnibus
928 1019 965 1057 in
993 1019 1155 1057 circuitu
1176 1020 1349 1070 partibus
1369 1021 1470 1059 altis-
1492 1031 1508 1060 5

143 1081 260 1120 simas
299 1097 412 1133 rupes
451 1084 737 1133 despectusque
776 1084 946 1130 haberet,
988 1097 1065 1122 una
1104 1098 1149 1122 ex
1188 1092 1295 1134 parte
1333 1085 1469 1124 leniter

87 1162 122 1193 15
142 1146 297 1185 acclivis
335 1147 462 1186 aditus
505 1147 543 1184 in
586 1147 830 1185 latitudinem
873 1161 952 1185 non
997 1147 1163 1197 amplius
1208 1149 1467 1188 ducentorum

141 1212 288 1260 pedum
310 1211 623 1261 relinquebatur;
661 1225 779 1261 quem
809 1213 938 1250 locum
969 1212 1114 1262 duplici
1144 1212 1332 1251 altissimo
1356 1227 1468 1252 muro

142 1275 371 1323 munierant,
395 1283 476 1313 tum
499 1276 627 1326 magni
649 1276 832 1326 ponderis
853 1290 943 1314 saxa
969 1284 1007 1315 et
1034 1284 1258 1326 praeacutas
1280 1278 1406 1317 trabes
1428 1278 1467 1317 in

141 1352 252 1378 muro
272 1341 527 1379 collocabant.
590 1340 670 1390 Ipsi
691 1348 799 1379 erant
825 1355 871 1379 ex
892 1341 1061 1380 Cimbris
1090 1341 1360 1392 Teutonisque
1384 1357 1468 1393 pro·
1487 1351 1506 1380 4

139 1404 243 1453 gnati
277 1405 354 1454 qui,
386 1419 475 1443 curn
507 1405 576 1443 iter
608 1404 646 1442 in
678 1405 918 1455 provinciam
953 1414 1124 1444 nostram
1158 1414 1276 1457 atque
1312 1407 1464 1446 Italiam

82 1485 120 1506 20
139 1469 320 1515 facerent,
356 1468 410 1507 eis
445 1469 736 1519 impedimentis
771 1483 871 1519 quae
910 1484 1043 1508 secum
1078 1484 1190 1520 agere
1229 1484 1274 1509 ac
1313 1480 1467 1521 portare

139 1545 219 1570 non
248 1541 425 1582 poterant
455 1533 549 1572 citra
576 1535 722 1572 flumen
745 1535 931 1572 Rhenum
959 1535 1146 1585 depositis
1176 1536 1394 1575 custodiam
1421 1551 1465 1575 ex

139 1596 216 1634 suis
254 1611 300 1635 ac
338 1598 572 1647 praesidium
613 1612 678 1637 sex
717 1598 821 1636 milia
856 1598 1060 1637 hominum
1100 1614 1177 1638 una
1216 1600 1462 1651 reliquerunt.

141 1660 195 1698 Hi
225 1669 313 1711 post
342 1675 475 1699 eorum
511 1662 663 1701 obitum
694 1664 836 1701 multos
866 1677 989 1701 annos
1019 1678 1041 1701 a
1071 1664 1243 1702 finitimis
1274 1665 1463 1715 exagitati,
1488 1678 1504 1710 5

137 1738 227 1762 cum
257 1725 349 1763 alias
379 1726 525 1764 bellum
555 1726 740 1765 inferrent
764 1727 858 1765 alias
888 1727 1051 1766 inlatum
1083 1730 1349 1776 defenderent,
1377 1744 1466 1768 con-

81 1802 117 1834 25
138 1803 253 1827 sensu
274 1804 408 1828 eorum
430 1790 607 1829 omnium
628 1804 723 1841 pace
747 1792 859 1838 facta,
883 1793 988 1830 hunc
1015 1792 1088 1831 sibi
1113 1793 1313 1832 domicilio
1334 1795 1463 1832 locum

137 1855 373 1903 delegerunt.

191 1920 250 1956 Ac
280 1919 405 1969 primo
443 1921 613 1958 adventu
653 1920 841 1959 exercitus
881 1921 999 1959 nostri
1040 1922 1192 1960 crebras
1231 1937 1276 1960 ex
1315 1923 1462 1973 oppido
1482 1935 1535 1973 30

137 1982 383 2021 excursiones
407 1983 610 2031 faciebant,
634 1985 880 2035 parvulisque
910 1985 1065 2036 proeliis
1092 2000 1182 2024 cum
1208 1986 1347 2025 nostris
1374 2001 1463 2026 con-

138 2048 377 2095 tendebant,
411 2056 545 2098 postea
574 2050 675 2087 vallo
701 2051 847 2099 pedum
878 2050 916 2087 in
947 2050 1109 2088 circuitu
1139 2050 1363 2100 quindecim
1396 2052 1462 2089 mi—
1484 2064 1497 2083 ι

77 2125 116 2154 ,30
136 2110 229 2149 lium
251 2112 472 2162 crebrisque
499 2113 665 2151 castellis
695 2114 983 2153 circummuniti
1013 2114 1160 2165 oppido
1186 2129 1269 2154 sese
1292 2115 1461 2155 contine—

135 2176 238 2214 bant.
299 2176 380 2215 Ubi
401 2176 522 2215 vineis
542 2177 647 2224 actis,
671 2191 808 2228 aggere
829 2186 1033 2225 exstructo,
1058 2179 1191 2217 turrim
1217 2181 1350 2229 procul
1373 2193 1460 2218 con-
1482 2187 1498 2216 3

134 2240 239 2278 stitui
269 2240 458 2287 viderunt,
486 2241 652 2291 primum
683 2241 838 2282 irridere
869 2259 914 2282 ex
944 2258 1054 2282 muro
1084 2252 1202 2294 atque
1232 2243 1460 2295 increpitare

134 2304 295 2343 vocibus
316 2306 423 2355 quod
445 2313 550 2344 tanta
571 2306 808 2345 machinatio
835 2308 884 2346 ab
910 2315 1018 2346 tanto
1040 2308 1164 2358 spatio
1186 2308 1458 2347 instrueretur:

161 2412 197 2441 15
215 2403 424 2435 latitudinem
438 2405 495 2439 βΒ
505 2415 572 2435 var.
587 2417 593 2437 ε
619 2405 829 2437 altitudinem
847 2418 867 2436 α
957 2417 997 2446 29
1017 2410 1090 2447 post
1104 2408 1225 2447 pedum
1244 2406 1317 2437 add.
1338 2417 1386 2437 xlx
1404 2407 1458 2442 Ββ
