1768 2739
122 513 139 544 5

104 835 144 858 10

105 1484 146 1506 20

108 1809 145 1839 25

108 2133 148 2163 30

455 135 528 171 DE
560 132 738 169 BELLO
770 131 1013 168 GALLICO
1045 132 1146 167 LIB.
1180 131 1215 166 V

159 252 296 294 tesque
323 242 590 281 conscendere
614 241 652 278 in
680 240 788 278 navis
817 240 934 278 iubet.
995 242 1047 277 At
1076 239 1254 278 omnium
1286 237 1484 289 impeditis

158 309 298 348 animis
330 307 549 347 Dumnorix
587 318 679 343 cum
718 304 916 354 equitibus
950 305 1181 342 Aeduorum
1213 318 1235 342 a
1266 303 1400 342 castris
1432 304 1486 341 in-

159 374 306 412 sciente
323 374 490 413 Caesare
519 372 683 409 domum
712 369 914 408 discedere
942 368 1081 418 coepit.
1138 370 1229 416 Qua
1248 382 1288 406 re
1308 368 1486 406 nuntiata
1506 374 1525 404 6

160 440 314 484 Caesar,
346 435 565 475 intermissa
594 434 836 485 profectione
870 441 988 483 atque
1019 432 1204 471 omnibus
1235 433 1352 470 rebus
1383 440 1486 482 post—

160 503 308 554 positis,
344 513 525 551 magnam
564 506 715 549 partem
755 498 951 548 equitatus
985 498 1037 536 ad
1070 511 1161 535 eum
1195 497 1486 547 insequendum

160 567 277 606 mittit
297 565 517 615 retrahique
537 565 701 614 imperat
716 577 727 611 3
769 563 800 602 si
821 563 899 601 vim
925 562 1039 600 faciat
1059 575 1188 612 neque
1208 569 1351 611 pareat,
1374 561 1488 600 inter·
1510 573 1526 607 7

161 631 223 670 fici
256 631 376 677 iubet,
402 630 498 668 nihil
529 630 636 667 hunc
668 642 710 667 se
741 628 904 666 absente
935 640 1006 677 pro
1040 640 1136 665 sano
1168 628 1361 665 facturum
1391 626 1489 665 arbi—

160 704 280 734 tratus
318 695 386 745 qui
430 693 645 744 praesentis
693 692 902 742 imperium
950 691 1191 741 neglexisset.
1270 692 1342 729 Ille
1382 691 1526 730 enims

162 767 364 799 revocatus
385 759 563 798 resistere
589 771 635 796 ac
665 772 706 796 se
734 770 853 795 manu
874 757 1087 795 defendere
1108 769 1348 806 suorumque
1368 757 1488 795 fidem

162 825 368 875 implorare
388 823 528 873 coepit,
548 835 665 872 saepe
686 821 890 860 clamitans
911 821 1077 859 liberum
1098 834 1139 858 se
1159 820 1383 870 liberaeque
1404 834 1489 859 esse

161 889 336 928 civitatis.
410 888 483 935 Illi,
512 895 554 926 ut
583 895 663 926 erat
692 887 937 936 imperatum,
967 885 1256 923 circumsistunt
1285 885 1488 923 hominem
1508 901 1527 932 9

161 961 278 1003 atque
310 952 570 992 interficiunt:
609 959 648 990 at
680 951 830 1001 equites
860 949 991 990 Aedui
1025 950 1076 988 ad
1109 950 1317 989 Caesarem
1350 962 1488 988 omnes

163 1025 413 1056 revertuntur.

220 1082 295 1121 His
334 1083 449 1120 rebus
497 1080 625 1132 gestis,
667 1079 844 1119 Labieno
886 1080 924 1117 in
968 1078 1196 1117 continente
1235 1091 1325 1116 cum
1366 1077 1533 1122 tribus8

165 1147 383 1197 legionibus
419 1155 456 1185 et
488 1146 666 1195 equitum
702 1145 859 1183 milibus
905 1144 1062 1183 duobus
1103 1143 1239 1182 relicto
1272 1152 1314 1181 ut
1354 1151 1488 1193 portus

164 1219 334 1250 tueretur
355 1219 392 1250 et
413 1224 493 1249 rem
524 1209 815 1248 frumentariam
846 1208 1066 1259 provideret
1096 1221 1276 1258 quaeque
1300 1208 1339 1245 in
1362 1208 1490 1246 Gallia

163 1284 386 1326 gererentur
424 1283 679 1325 cognosceret
718 1273 1006 1323 consiliumque
1045 1287 1114 1323 pro
1145 1282 1322 1322 tempore
1351 1280 1389 1310 et
1419 1286 1489 1322 pro

164 1355 204 1379 re
235 1349 402 1391 caperet,
437 1340 520 1390 ipse
551 1353 642 1378 cum
674 1339 849 1389 quinque
883 1338 1104 1388 legionibus
1138 1346 1175 1376 et
1208 1337 1289 1387 pari
1324 1350 1489 1375 numero
1511 1350 1526 1370 2

164 1405 352 1455 equitum,
384 1419 503 1455 quem
533 1404 573 1442 in
603 1404 820 1442 continenti
851 1403 1068 1453 reliquerat,
1100 1404 1151 1441 ad
1181 1402 1272 1441 solis
1303 1415 1488 1440 occasum

164 1470 272 1508 navis
303 1470 416 1508 solvit
446 1478 484 1508 et
514 1469 593 1508 leni
624 1469 758 1507 Africo
793 1475 1000 1518 provectus
1031 1467 1161 1506 media
1191 1467 1342 1506 circiter
1371 1474 1489 1505 nocte

164 1543 282 1574 vento
319 1535 541 1573 intermisso
579 1548 736 1573 cursum
771 1547 851 1572 non
887 1533 1023 1580 tenuit,
1065 1541 1102 1571 et
1142 1532 1296 1582 longius
1336 1533 1489 1570 delatus

163 1609 274 1638 aestu
298 1607 381 1637 orta
404 1601 492 1637 luce
519 1600 592 1637 sub
620 1598 773 1637 sinistra
803 1598 1046 1636 Britanniam
1072 1598 1246 1636 relictam
1272 1597 1485 1647 conspexit.

164 1665 269 1702 Tum
290 1677 419 1702 rursus
439 1672 569 1702 aestus
591 1662 944 1701 commutationem
968 1669 1124 1701 secutus
1146 1662 1262 1700 remis
1284 1661 1489 1700 contendit
1511 1675 1528 1704 3

166 1736 207 1767 ut
228 1742 314 1766 eam
336 1736 484 1778 partem
505 1728 654 1766 insulae
680 1735 835 1777 caperet
862 1741 939 1777 qua
964 1726 1159 1776 optimum
1184 1740 1269 1764 esse
1290 1739 1488 1775 egressum

166 1793 364 1843 superiore
401 1801 547 1832 aestate
586 1800 832 1842 cognoverat.
905 1793 995 1840 Qua
1028 1792 1067 1829 in
1098 1805 1138 1829 re
1167 1792 1385 1829 admodum
1417 1791 1489 1828 suit
1508 1804 1527 1833 4

166 1858 333 1897 militum
354 1858 472 1897 virtus
497 1860 704 1904 laudanda,
729 1858 795 1908 qui
826 1857 1005 1896 vectoriis
1036 1857 1297 1907 gravibusque
1327 1855 1488 1905 navigiis

166 1937 246 1962 non
275 1923 497 1961 intermisso
523 1922 739 1973 remigandi
762 1923 894 1960 labore
925 1924 1129 1971 longarum
1152 1921 1310 1959 navium
1332 1934 1489 1959 cursum

164 1990 443 2038 adaequarunt.
504 1989 719 2025 Accessum
748 1994 806 2024 est
829 1988 880 2025 ad
908 1986 1151 2024 Britanniam
1175 1985 1359 2023 omnibus
1388 1985 1490 2023 navi-
1509 2000 1526 2030 5

166 2055 239 2092 bus
252 2054 468 2094 meridiano
481 2055 559 2092 fere
575 2061 761 2103 tempore,
780 2066 909 2102 neque
924 2052 964 2090 in
981 2065 1028 2091 eo
1044 2053 1133 2090 loco
1149 2050 1271 2088 hostis
1290 2057 1348 2088 est
1361 2049 1465 2087 visus
1480 2064 1491 2097 3

166 2120 246 2165 sed,
280 2126 322 2156 ut
353 2124 489 2167 postea
522 2117 666 2156 Caesar
700 2129 746 2154 ex
777 2115 939 2165 captivis
971 2115 1166 2165 cognovit,
1200 2128 1290 2152 cum
1325 2121 1529 2163 magnae6

166 2196 305 2221 manus
345 2195 394 2220 eo
431 2180 719 2227 convenissent,
761 2179 1011 2218 multitudine
1054 2179 1211 2217 navium
1252 2178 1488 2228 perterritae,

166 2263 267 2299 quae
287 2261 378 2286 cum
406 2245 605 2285 annotinis
630 2244 867 2294 privatisque
894 2257 990 2294 quas
1018 2244 1077 2282 sui
1101 2244 1267 2293 quisque
1288 2243 1489 2282 commodi

210 2354 230 2382 8
254 2352 344 2382 enim
361 2349 413 2380 X:
449 2350 579 2380 eminus
598 2348 632 2379 C.
650 2348 805 2378 Fleisclzer
939 2359 974 2386 14
1001 2348 1186 2378 continenti
1204 2349 1226 2379 Β
1357 2348 1395 2376 16
1421 2358 1488 2377 rem

168 2397 417 2428 frumentariam
440 2396 473 2426 R
491 2407 496 2425 :
521 2405 555 2425 re
573 2394 788 2425 frumentaria
805 2393 885 2423 A‘B
901 2405 906 2423 :
931 2394 978 2423 rei
995 2392 1229 2424 frumentariae
1248 2396 1270 2426 β
1374 2403 1414 2432 32
1438 2394 1489 2423 sui

170 2440 333 2470 commodi
354 2439 491 2478 quisque
514 2448 612 2467 causa
634 2439 656 2470 β
