1768 2739
434 109 506 146 DE
538 107 716 145 BELLO
748 106 992 145 GALLICO
1024 107 1125 143 LIB.
1160 107 1224 143 III

174 225 283 255 aestu
313 230 428 255 naves
463 216 502 254 in
530 214 638 253 vadis
666 214 964 253 adflictarentur.
1040 216 1099 252 Ita
1129 222 1291 264 utraque
1321 228 1360 252 re
1389 213 1496 263 oppi-
1517 229 1530 249 2

174 282 314 319 dorum
334 279 573 331 oppugnatio
594 278 881 329 impediebatur
896 293 905 325 3
934 291 978 316 ac
999 278 1030 316 si
1052 279 1210 328 quando
1228 277 1495 328 magnitudine

173 346 300 396 operis
320 347 417 384 forte
444 343 623 394 superati,
646 350 800 382 extruso
826 343 920 381 mari
947 356 1083 393 aggere
1110 357 1155 381 ac
1183 342 1351 381 molibus
1377 349 1495 392 atque

174 410 232 448 his
274 409 410 461 oppidi
449 408 654 447 moenibus
692 408 931 458 adaequatis,
972 407 1050 446 suis
1090 407 1251 445 fortunis
1291 409 1496 457 desperare

135 485 152 515 5
173 482 392 525 coeperant,
424 487 566 523 magno
596 486 758 511 numero
788 472 944 511 navium
974 473 1150 522 appulso,
1174 471 1283 509 cuius
1314 471 1366 509 rei
1396 485 1496 508 sum-

174 553 278 577 mam
309 540 532 577 facultatem
571 538 781 584 habebant,
812 551 882 575 sua
919 537 1179 587 deportabant
1211 535 1343 574 omnia
1376 549 1496 585 seque

173 603 211 641 in
236 602 411 653 proxima
436 602 583 652 oppida
609 602 872 652 recipiebant:
903 601 956 640 ibi
983 615 1024 639 se
1051 615 1178 639 rursus
1206 601 1329 639 isdem
1358 613 1497 649 oppor-

173 666 401 705 tunitatibus
436 666 511 705 loci
545 667 821 705 defendebant.
892 668 1005 704 Haec
1044 679 1091 704 eo
1126 665 1274 704 facilius
1314 678 1495 714 magnam
1518 679 1535 708 3

174 740 320 782 partem
341 731 496 770 aestatis
524 732 718 770 faciebant
744 732 852 781 quod
879 739 1033 769 nostrae
1057 744 1174 769 naves
1199 729 1495 780 tempestatibus

116 807 155 829 10
173 796 458 842 detinebantur,
498 809 731 846 summaque
778 803 858 834 erat
896 803 1004 833 vasto
1047 804 1165 845 atque
1209 802 1343 845 aperto
1389 794 1494 840 mari,

174 861 321 912 magnis
354 861 536 908 aestibus,
570 861 661 900 raris
699 874 744 899 ac
783 874 904 911 prope
935 860 1048 899 nullis
1083 860 1259 910 portibus
1291 859 1497 898 difficultas

173 926 389 977 navigandi.

227 993 410 1040 Namque
431 991 600 1041 ipsorum
624 1005 740 1029 naves
764 992 813 1029 ad
841 992 946 1029 hunc
973 991 1136 1029 modum
1165 992 1289 1028 factae
1312 996 1497 1028 armatae-
1515 1000 1558 1036 13

174 1069 249 1104 que
289 1063 419 1094 erant:
475 1055 627 1093 carinae
661 1056 861 1105 aliquanto
895 1055 1088 1105 planiores
1122 1069 1239 1105 quam
1276 1062 1494 1092 nostrarum

117 1132 153 1163 15
168 1119 341 1165 navium,
383 1134 462 1169 quo
500 1120 648 1158 facilius
690 1121 789 1158 vada
826 1133 871 1157 ac
909 1120 1114 1157 decessum
1152 1126 1281 1157 aestus
1321 1118 1497 1168 excipere

174 1192 356 1233 possent,
392 1198 526 1234 prorae
555 1186 772 1222 admodum
803 1191 963 1230 erectae,
996 1192 1113 1233 atque
1142 1183 1235 1221 item
1266 1196 1417 1233 puppes
1446 1183 1497 1221 ad
1519 1200 1533 1220 ι

174 1249 483 1299 magnitudinem
522 1251 711 1287 fluctuum
757 1256 1113 1298 tempestatumque
1151 1249 1497 1293 accommodatae3

174 1327 289 1351 naves
311 1321 414 1352 totae
432 1316 554 1352 factae
576 1328 621 1352 ex
643 1315 781 1352 robore
801 1315 850 1352 ad
867 1313 1044 1363 quamvis
1060 1313 1137 1350 vim
1160 1321 1197 1351 et
1217 1311 1496 1350 contumeliam
1519 1325 1535 1354 5

174 1379 467 1426 perferendam3
516 1386 678 1416 transtra
716 1378 921 1428 pedalibus
960 1378 999 1415 in
1038 1377 1284 1416 altitudinem
1324 1376 1498 1415 trabibus

116 1456 155 1477 20
174 1443 326 1480 confixa
364 1443 480 1481 clavis
516 1443 644 1481 ferreis
679 1442 787 1492 digiti
822 1442 972 1492 pollicis
1006 1441 1286 1487 crassitudine3
1333 1455 1498 1479 ancorae

173 1520 243 1556 pro
273 1507 430 1545 funibus
460 1507 589 1546 ferreis
620 1507 766 1545 catenis
796 1507 1014 1553 revinctae;
1049 1509 1168 1557 pelles
1198 1520 1268 1556 pro
1298 1506 1391 1544 velis
1420 1508 1499 1544 alu·
1517 1520 1536 1549 4

175 1581 313 1621 taeque
353 1572 518 1610 tenuiter
557 1574 769 1619 confectae,
806 1573 879 1610 hae
919 1572 997 1610 sive
1032 1580 1188 1622 propter
1223 1571 1289 1609 lini
1324 1570 1498 1621 inopiam

173 1645 290 1685 atque
325 1637 406 1674 eius
437 1650 528 1674 usus
558 1637 812 1683 inscientiam,
845 1636 925 1674 sive
955 1650 1013 1682 eo,
1045 1637 1152 1685 quod
1183 1643 1240 1674 est
1270 1635 1390 1685 magis
1420 1635 1496 1673 veri

175 1701 310 1748 simile,
343 1702 449 1751 quod
480 1709 605 1739 tantas
635 1708 886 1751 tempestates
917 1700 1066 1739 Oceani
1096 1708 1304 1749 tantosque
1330 1700 1499 1750 impetus

118 1782 154 1811 25
176 1773 380 1804 ventorum
415 1766 593 1804 sustineri
623 1779 668 1803 ac
707 1773 814 1803 tanta
852 1779 971 1803 onera
1000 1764 1157 1802 navium
1188 1764 1265 1814 regi
1296 1764 1389 1802 velis
1419 1778 1499 1802 non

175 1830 265 1868 satis
307 1832 517 1869 commode
564 1844 679 1879 posse
725 1830 1018 1868 arbitrabantur.
1097 1831 1198 1869 Cum
1238 1829 1297 1867 his
1336 1829 1536 1874 navibus5

175 1903 329 1933 nostrae
362 1895 475 1933 classi
509 1894 703 1933 eiusmodi
737 1908 965 1944 congressus
1001 1902 1080 1932 erat
1112 1902 1153 1931 ut
1192 1907 1269 1931 una
1304 1893 1499 1931 eeleritate

175 1967 212 1997 et
242 1961 356 2009 pulsu
383 1973 578 1997 remorum
612 1966 833 2009 praestaret,
866 1959 1013 2008 reliqua
1044 1972 1114 2007 pro
1151 1957 1225 1996 loci
1254 1965 1400 2004 natura,
1429 1971 1500 2007 pro

175 2024 211 2061 vi
250 2032 538 2075 tempestatum,
579 2023 651 2061 illis
697 2031 825 2062 essent
863 2023 1012 2073 aptiora
1053 2031 1091 2061 et
1129 2021 1497 2060 accommodatiora.

118 2104 158 2134 30
178 2090 318 2138 Neque
352 2089 456 2127 enim
488 2088 547 2125 his
579 2095 733 2126 nostrae
764 2095 887 2126 rostro
918 2101 1059 2126 nocere
1094 2094 1272 2137 poterant
1305 2086 1428 2137 (tanta
1461 2086 1500 2124 in
1519 2092 1539 2123 6

177 2153 235 2190 his
260 2160 339 2191 erat
368 2152 596 2201 firmitudo),
620 2166 747 2202 neque
777 2160 934 2202 propter
962 2151 1208 2190 altitudinem
1240 2150 1350 2189 facile
1380 2152 1499 2189 telum

176 2217 415 2267 adigebatur,
447 2225 485 2255 et
519 2218 657 2255 eadem
697 2218 747 2255 de
781 2231 898 2255 causa
928 2216 1055 2254 minus
1087 2216 1297 2254 commode
1331 2215 1501 2265 scopulis

221 2331 260 2359 32
285 2321 482 2359 adigebatur
503 2321 554 2350 U:
579 2320 784 2351 adiciebatur
800 2320 855 2350 αΤ
1049 2319 1195 2359 seopulis
1214 2294 1432 2358 rseopblisss
1448 2317 1499 2349 X:

178 2365 304 2404 copulis
321 2364 496 2394 Palatinus
