1768 2739
807 164 851 200 A.
887 163 1052 200 HIRTI

234 291 248 312 2
270 277 413 315 fecerat
444 274 576 326 copias
608 287 692 314 esse
723 273 869 313 accisas
902 273 1057 312 sciebat.
1130 275 1222 312 Non
1255 273 1359 313 enim
1391 274 1596 315 dubitabat

269 341 365 391 quin
395 340 541 379 recenti
570 339 789 379 calamitate
819 338 1103 377 summissiores
1137 346 1267 377 essent
1306 340 1466 387 futurae,
1503 341 1597 380 dato

271 419 362 444 vero
389 405 516 456 spatio
539 417 585 444 ac
609 412 785 455 tempore
810 404 951 442 eodem
976 403 1184 453 instigante
1206 406 1416 443 Dumnaco
1436 413 1597 455 possent

231 485 249 516 3
271 470 467 509 concitari.
529 470 619 518 Qua
649 469 688 507 in
717 482 757 508 re
786 482 940 507 summa
970 468 1132 507 felicitas
1157 468 1413 519 celeritasque
1439 469 1479 507 in
1506 470 1598 508 reci-

230 535 423 586 4piendis
459 534 680 573 civitatibus
713 533 879 572 Fabium
911 534 1173 584 consequitur.
1252 535 1356 572 Nam
1391 535 1595 581 Carnutes,

269 599 336 650 qui
357 613 474 649 saepe
494 598 619 637 vexati
649 611 865 648 numquam
893 598 1000 647 pacis
1025 599 1196 637 fecerant
1220 599 1473 646 mentionem,
1497 598 1597 637 datis

269 664 474 703 obsidibus
495 663 656 702 veniunt
676 663 716 701 in
737 663 992 709 deditionem,
1011 671 1242 713 ceteraeque
1258 663 1432 702 civitates
1448 663 1598 714 positae

268 729 308 767 in
330 728 476 767 ultimis
498 727 647 767 Galliae
668 727 822 774 finibus,
842 728 1006 766 Oceano
1026 727 1270 775 coniunctae,
1289 741 1389 778 quae
1406 728 1599 767 Aremori-

268 807 337 832 cae
375 795 630 844 appellantur,
670 792 900 831 auctoritate
937 793 1132 831 adductae
1171 794 1388 832 Carnutum
1427 794 1598 831 adventu

231 876 248 906 5
271 858 368 897 Fabi
389 858 668 908 legionumque
692 857 882 908 imperata
906 857 989 896 sine
1017 871 1125 896 mora
1148 857 1305 896 faciunt.
1367 860 1598 896 Dumnacus

270 923 348 961 suis
366 923 509 961 finibus
526 924 709 973 expulsus
726 935 855 960 errans
871 922 1106 972 latitansque
1120 924 1225 961 solus
1242 929 1432 961 extremas
1449 922 1599 961 Galliae

270 988 447 1038 regiones
468 995 599 1038 petere
621 994 678 1026 est
698 994 867 1025 coactus.

199 1062 251 1100 32
323 1055 376 1092 At
398 1055 577 1103 Drappes
599 1065 755 1102 unaque
777 1051 993 1099 Lucterius,
1009 1065 1099 1091 cum
1114 1052 1287 1102 legiones
1309 1051 1600 1103 Caniniumque

269 1120 407 1157 adesse
428 1124 712 1168 cognoscerent
732 1131 806 1156 nec
831 1131 872 1156 se
899 1117 984 1156 sine
1008 1125 1112 1156 certa
1137 1117 1310 1168 pernicie
1338 1125 1599 1168 persequente

270 1183 440 1222 exercitu
461 1190 642 1234 putarent
663 1182 886 1233 provinciae
903 1183 990 1221 finis
1007 1183 1148 1222 intrare
1162 1197 1277 1234 posse
1291 1196 1364 1222 nec
1380 1182 1457 1221 iam
1478 1183 1599 1222 libere

270 1249 436 1299 vagandi
458 1248 831 1298 latrociniorumque
856 1247 1127 1287 faciendorum
1150 1250 1375 1287 facultatem
1396 1248 1597 1295 haberent,

234 1332 248 1353 2
271 1313 310 1351 in
332 1313 474 1352 finibus
496 1313 716 1352 consistunt
733 1314 1013 1352 Cadurcorum.
1076 1313 1148 1360 Ibi,
1165 1327 1255 1351 cum
1270 1312 1474 1351 Lucterius
1494 1313 1600 1363 apud

271 1391 361 1417 suos
382 1378 476 1417 civis
497 1378 699 1428 quondam
720 1377 877 1428 integris
898 1378 1013 1416 rebus
1035 1379 1201 1415 multum
1223 1377 1414 1427 potuisset
1434 1390 1601 1427 semper-

271 1457 348 1493 que
378 1450 514 1481 auctor
548 1456 739 1481 novorum
774 1442 1026 1481 consiliorum
1060 1456 1242 1492 magnam
1274 1443 1380 1492 apud
1410 1442 1597 1480 barbaros

271 1508 542 1546 auctoritatem
582 1508 754 1554 haberet,
805 1507 997 1557 oppidum
1047 1508 1358 1554 Uxellodunum,
1405 1507 1514 1557 quod
1560 1507 1600 1544 in

272 1572 451 1611 clientela
481 1573 604 1610 fuerat
634 1572 727 1618 eius,
751 1571 901 1621 egregie
932 1579 1069 1610 natura
1098 1571 1174 1610 loci
1203 1571 1410 1618 munitum,
1433 1579 1600 1622 occupat

272 1637 350 1676 suis
371 1645 409 1675 et
432 1637 640 1687 Drappetis
661 1636 783 1686 copiis
805 1636 1107 1687 oppidanosque
1129 1636 1201 1675 sibi
1223 1636 1436 1686 coniungit.

202 1720 253 1756 33
331 1703 423 1751 Quo
476 1715 564 1740 cum
619 1701 825 1740 confestim
871 1703 914 1741 C.
967 1701 1156 1741 Caninius
1209 1702 1378 1740 venisset
1429 1701 1603 1740 animad-

272 1774 514 1817 verteretque
549 1766 676 1805 omnis
708 1766 844 1817 oppidi
876 1766 994 1817 partis
1026 1766 1353 1817 praeruptissimis
1387 1766 1486 1804 saxis
1516 1779 1601 1804 esse

273 1832 453 1878 munitas,
494 1844 573 1881 quo
608 1832 846 1870 defendente
880 1832 989 1870 nullo
1020 1838 1154 1869 tamen
1192 1830 1349 1869 armatis
1388 1831 1600 1869 ascendere

273 1904 374 1935 esset
414 1895 581 1943 difficile,
623 1908 763 1945 magna
805 1902 937 1934 autem
980 1895 1265 1946 impedimenta
1312 1894 1600 1946 oppidanorum

272 1961 430 2007 videret,
472 1973 572 2010 quae
611 1959 642 1997 si
680 1960 923 1998 clandestina
962 1961 1052 2010 fuga
1090 1960 1317 1998 subtrahere
1355 1966 1599 2006 conarentur,

273 2027 441 2075 effugere
479 2037 559 2063 non
598 2025 719 2063 modo
761 2025 978 2075 equitatum
1023 2025 1093 2063 sed
1137 2038 1187 2063 ne
1228 2024 1401 2074 legiones
1439 2023 1600 2074 quidem

273 2096 445 2140 possent,
467 2088 657 2139 tripertito
682 2089 910 2128 cohortibus
937 2088 1069 2127 divisis
1096 2088 1196 2126 trina
1222 2087 1486 2127 excelsissimo
1512 2089 1601 2126 loco

239 2171 254 2192 2
274 2162 398 2193 castra
418 2153 519 2201 fecit,
542 2167 564 2192 a
584 2154 727 2204 quibus
748 2153 946 2204 paulatim,
970 2160 1160 2203 quantum
1183 2152 1320 2203 copiae
1340 2152 1597 2203 patiebantur,

273 2220 417 2257 vallum
438 2218 477 2256 in
499 2218 635 2269 oppidi
655 2218 860 2257 circuitum
881 2219 1025 2256 ducere
1046 2217 1221 2255 instituit.

205 2297 256 2334 34
329 2284 450 2331 Quod
463 2296 554 2322 cum
567 2283 919 2321 animadverterent
935 2282 1123 2332 oppidani
1138 2280 1431 2331 miserrimaque
1446 2280 1601 2319 Alesiae

276 2347 464 2385 memoria
507 2346 661 2385 solliciti
701 2346 868 2384 similem
912 2359 1044 2384 casum
1094 2345 1332 2384 obsessionis
1379 2352 1601 2384 vererentur

410 2459 447 2487 13
473 2449 619 2488 Draptes
635 2450 657 2483 β
673 2455 799 2490 semper
1114 2459 1154 2487 25
1178 2459 1244 2488 quo
1261 2451 1303 2483 B:
1329 2449 1419 2488 quod
1437 2460 1455 2479 α

1617 546 1634 577 5

1620 869 1658 892 10

1622 1196 1657 1226 Ι5

1622 1520 1660 1541 20

1621 1843 1659 1874 25

1622 2164 1660 2194 30
