1768 2739
454 145 530 182 DE
560 145 741 183 BELLO
770 145 1016 184 GALLICO
1046 146 1146 183 LIB.
1179 147 1285 183 VIII

207 253 310 293 vacis
330 254 533 293 dederunt.
594 256 655 292 Ita
674 255 764 304 fuga
784 253 932 292 timoris
953 254 1067 293 simul
1089 254 1390 305 calliditatisque
1410 256 1527 305 plena
1547 266 1565 296 3

206 318 289 357 sine
322 320 403 357 ullo
436 317 672 357 detrimento
706 318 811 357 milia
845 332 925 357 non
958 319 1127 369 amplius
1161 320 1300 357 decem
1334 319 1525 369 progressi

205 384 338 422 hostes
358 385 447 421 1000
467 382 729 421 munitissimo
749 390 873 421 castra
893 391 1117 433 posuerunt.
1170 385 1280 430 Inde,
1297 397 1388 421 011111
1409 397 1525 434 saepe
1544 394 1563 423 4

204 447 244 485 in
282 447 431 486 insidiis
469 447 619 497 equites
658 447 890 498 peditesque
928 448 1192 498 disponerent,
1234 462 1374 498 magna
1412 448 1525 487 detri-

165 528 183 559 5
204 519 336 551 menta
358 511 548 551 Romanis
569 511 609 549 in
630 512 949 562 pabulationibus
970 512 1199 551 inferebant.

256 577 377 625 Quod
407 589 497 614 cum
527 576 699 614 crebrius
728 577 934 624 accideret,
957 591 1003 615 ex
1032 577 1186 627 captivo
1216 578 1390 627 quodam
1421 590 1525 615 com-
1545 585 1586 623 17

201 641 298 692 perit
326 642 470 680 Caesar
496 642 697 688 Correum,
722 643 1019 680 Bellovacorum
1047 643 1202 688 ducem,
1225 641 1523 680 fortissimorum

201 705 307 744 milia
340 719 406 743 sex
436 705 614 756 peditum
648 706 839 757 delegisse
873 706 1103 756 equitesque
1137 721 1183 744 ex
1216 706 1325 745 omni
1359 720 1523 744 numero

200 770 316 817 mille,
340 783 440 820 quos
474 770 514 808 in
544 770 695 809 insidiis
730 785 777 810 eo
807 773 895 810 1000
925 773 1146 817 collocaret,
1173 785 1291 821 quem
1322 771 1361 808 in
1391 773 1522 810 locum

144 851 183 873 10
200 841 357 886 propter
377 834 531 885 copiam
558 835 743 873 frumenti
769 849 814 874 ac
841 835 975 885 pabuli
998 837 1202 874 Romanos
1230 835 1416 874 missuros
1443 849 1522 873 sus-

199 899 400 950 picaretur.
462 900 555 947 Quo
581 900 739 950 cognito
767 900 943 947 consilio,
966 900 1138 950 legiones
1166 900 1285 950 pluris
1313 914 1430 950 quam
1463 914 1521 938 so·
1543 913 1557 933 2

198 965 303 1002 lebat
329 963 461 1002 educit
481 963 790 1014 equitatumque,
813 978 891 1015 qua
911 964 1199 1003 consuetudine
1225 964 1520 1014 pabulatoribus

197 1028 351 1067 mittere
388 1028 582 1079 praesidio
627 1036 843 1077 consuerat,
885 1029 1097 1080 praemittit
1112 1044 1122 1077 3
1169 1028 1260 1067 huic
1308 1028 1521 1079 interponit

195 1093 338 1132 auxilia
368 1093 461 1132 levis
487 1101 704 1133 armaturae
719 1109 730 1142 3
762 1094 845 1145 ipse
875 1108 966 1133 cum
995 1093 1214 1144 legionibus
1242 1107 1360 1143 quam
1391 1101 1519 1143 potest

141 1174 176 1206 15
197 1158 366 1197 maxime
385 1158 684 1209 appropinquat.

251 1225 400 1262 Hostes
421 1223 460 1261 in
481 1223 631 1262 insidiis
652 1223 842 1274 dispositi,
866 1237 956 1262 011111
978 1223 1051 1262 sibi
1073 1223 1308 1273 delegissent
1333 1236 1517 1273 campum
1538 1228 1580 1264 18

194 1289 244 1326 ad
276 1302 357 1326 rem
390 1289 602 1338 gerendam
634 1302 714 1327 non
744 1288 911 1339 amplius
941 1296 1141 1339 patentem
1172 1287 1210 1325 in
1242 1286 1370 1326 omnis
1400 1287 1517 1337 partis

193 1352 372 1403 passibus
411 1352 527 1399 mille,
564 1352 668 1391 silvis
707 1353 882 1403 undique
920 1360 987 1391 aut
1021 1351 1321 1402 impeditissimo
1356 1351 1518 1389 flumine

194 1416 401 1464 munitum,
441 1418 547 1456 velut
592 1416 776 1467 indagine
821 1418 927 1455 hunc
972 1416 1121 1455 insidiis
1161 1415 1513 1454 circumdederunt.

136 1498 176 1519 20
195 1483 407 1531 Explorato
436 1480 609 1519 hostium
642 1481 817 1528 consilio,
850 1481 971 1519 nostri
1000 1482 1051 1519 ad
1081 1480 1353 1530 proeliandum
1382 1479 1516 1518 animo
1537 1496 1552 1517 2

192 1553 311 1595 atque
340 1545 456 1583 armis
483 1545 616 1596 parati,
639 1559 730 1584 011111
760 1544 1092 1595 subsequentibus
1120 1544 1338 1595 legionibus
1368 1545 1516 1582 nullam

192 1609 487 1649 dimicationem
526 1617 758 1657 recusarent,
801 1609 1000 1648 turmatim
1040 1609 1078 1646 in
1118 1622 1208 1647 eum
1240 1610 1371 1646 locum
1404 1610 1516 1647 deve-

193 1682 343 1712 nerunt.
405 1676 585 1723 Quorum
605 1675 778 1713 adventu
806 1687 896 1712 cum
925 1673 999 1712 sibi
1016 1674 1184 1713 Correus
1205 1673 1377 1711 oblatam
1407 1686 1517 1711 occa-
1536 1686 1555 1716 3

193 1738 343 1777 sionem
381 1738 435 1777 rei
468 1740 662 1789 gerendae
695 1738 941 1784 existimaret,
974 1737 1143 1788 primum
1177 1750 1267 1775 cum
1306 1736 1440 1786 paucis
1475 1750 1516 1775 se

135 1820 172 1851 25
193 1803 364 1842 ostendit
393 1812 511 1854 atque
540 1803 579 1841 in
609 1803 803 1854 proximas
831 1811 976 1842 turmas
1003 1803 1195 1853 impetum
1220 1801 1320 1840 fecit.
1381 1800 1515 1839 Nostri
1533 1817 1554 1848 4

193 1875 416 1906 constanter
435 1868 633 1906 incursum
654 1867 846 1906 sustinent
870 1867 1141 1906 insidiatorum
1169 1879 1298 1916 neque
1322 1866 1450 1915 plures
1475 1865 1514 1903 in

192 1945 315 1970 unum
363 1933 493 1971 10011111
541 1932 792 1979 conveniunt,
833 1933 941 1982 quod
989 1933 1221 1982 plerumque
1268 1929 1513 1979 equestribus

191 1995 347 2046 proeliis
377 2010 467 2035 curn
497 2004 654 2046 propter
681 1996 853 2046 aliquem
884 1996 1065 2034 timorem
1094 1994 1248 2041 accidit,
1275 2001 1358 2032 tum
1389 1993 1513 2032 multi-

192 2061 328 2099 tudine
348 2061 520 2111 ipsorum
542 2061 822 2100 detrimentum
843 2060 1041 2111 accipitur.

102 2128 105 2129 ⁷
132 2143 172 2173 30
245 2126 347 2164 Cum
375 2125 572 2176 dispositis
600 2125 734 2164 turmis
761 2125 801 2163 in
821 2125 947 2164 vicem
975 2124 1046 2163 rari
1073 2123 1353 2175 proeliarentur
1381 2136 1510 2173 neque
1529 2135 1576 2171 19

190 2190 240 2227 ab
269 2189 451 2229 lateribus
478 2190 748 2229 circumveniri
775 2204 865 2229 suos
895 2197 1130 2240 paterentur,
1153 2195 1363 2239 erumpunt
1392 2188 1509 2226 ceteri

189 2256 336 2294 Correo
365 2254 579 2305 proeliante
608 2269 653 2294 ex
680 2254 794 2293 silvis.
855 2254 915 2293 Fit
942 2268 1082 2305 magna
1108 2252 1362 2292 contentione
1389 2252 1510 2291 diver-
1531 2266 1546 2287 2

230 2368 252 2397 9
269 2357 450 2389 collocaret
466 2356 534 2392 A‘ss
548 2369 553 2388 :
579 2357 760 2388 collocarat
776 2356 816 2388 B'
911 2358 948 2387 18
965 2362 1021 2388 aut
1040 2356 1297 2396 impeditissimo
1322 2356 1455 2386 flumine
1469 2365 1507 2387 a:

188 2401 453 2441 impeditissimis
470 2406 525 2432 aut
540 2401 673 2432 flumine
687 2401 851 2432 altissimo
868 2402 890 2435 β
981 2410 1020 2438 24
1039 2401 1180 2440 primum
1191 2398 1260 2434 A'ss
1276 2410 1281 2430 :
1307 2399 1433 2439 primus
1444 2398 1485 2428 B'
