1706 2729
649 145 967 183 PRAEFATIO

148 256 425 302 Meuselianus,
472 255 567 294 dum
617 253 784 292 familiae
835 271 858 292 a
906 255 1083 304 exempla
1132 255 1342 304 depravata
1388 265 1473 291 esse

145 320 359 367 contendit,
395 321 471 358 hoc
505 319 633 369 ipsum
672 319 817 357 factum
857 331 942 356 esse
978 318 1157 356 ‘adscitis
1196 317 1472 356 vetustioribus

144 393 262 435 atque
282 383 613 423 emendatioribus
634 383 859 422 codicibus’
880 383 1113 433 persuadere
1134 390 1306 421 conetur.
1358 383 1472 430 Quae

144 463 235 488 cum
264 448 420 495 diceret,
447 462 542 486 num
572 447 654 486 eius
684 447 852 486 familiae
882 447 1039 486 codices
1069 446 1283 497 impensius
1313 447 1472 485 laudare

145 514 325 564 poterat?

198 579 337 627 Itaque
357 577 462 627 apud
483 589 555 614 nos
581 576 634 614 ita
654 575 772 614 valuit
794 575 923 616 Caroli
951 575 1179 626 Nipperdey
1199 574 1408 613 auctoritas
1428 581 1471 612 ut

142 641 388 680 acodicibus
425 640 594 679 familiae
625 658 647 678 α
678 640 751 678 nisi
785 640 825 678 in
859 640 1000 690 apertis
1031 653 1166 678 eorum
1201 639 1355 678 mendis
1389 651 1470 677 non

141 707 443 753 discederemus,
479 705 625 744 familia
656 707 688 755 β
720 705 983 755 supplementi
1014 706 1103 743 loco
1137 712 1343 751 uteremur,
1380 716 1470 741 eon-

141 771 305 809 iecturas
335 770 556 809 criticorum
587 783 782 820 nusquam
809 769 1069 820 reciperemus
1096 769 1170 807 nisi
1197 769 1237 807 in
1262 768 1469 807 manifesto

141 835 324 874 codicum
348 848 474 873 errore
495 836 545 873 ad
572 836 732 885 planum
754 842 880 873 textus
908 847 1067 873 sensum
1095 833 1380 873 restituendum
1405 832 1468 871 ali-

141 900 236 950 quid
257 899 431 938 effecisse
451 899 683 939 viderentur.

196 965 334 1003 Habes
364 964 479 1014 igitur
507 971 655 1003 textum
684 965 735 1003 ad
765 963 1003 1014 optimorum
1031 963 1215 1003 codicum
1242 963 1362 1002 fidem
1389 975 1470 1001 cor-

140 1037 300 1076 rectum,
340 1028 394 1067 ita
431 1036 562 1067 tamen
600 1036 643 1067 ut
680 1028 777 1067 nihil
815 1028 1046 1067 insolentius
1080 1030 1216 1066 oculos
1254 1027 1467 1078 legentium

141 1095 324 1141 offendat,
353 1093 548 1132 adnotatis
578 1093 633 1131 eis
662 1100 814 1131 tantum
843 1092 1030 1131 librorum
1059 1092 1338 1131 variationibus
1367 1105 1469 1142 quae

140 1157 288 1207 aliquid
321 1158 372 1197 ad
403 1157 762 1207 interpretationem
794 1158 984 1196 adferunt.
1044 1158 1186 1206 Neque
1217 1156 1322 1195 enim
1354 1156 1394 1196 id
1428 1156 1468 1195 in

141 1229 272 1260 mente
310 1221 565 1269 habebamus,
605 1229 834 1271 apparatum
874 1234 992 1271 quem
1026 1229 1168 1259 vocant
1206 1221 1383 1267 criticum
1415 1221 1469 1259 in-

140 1293 296 1333 struere,
318 1299 437 1336 quem
466 1285 497 1324 si
527 1285 613 1335 quis
640 1285 846 1332 desiderat,
868 1286 975 1335 apud
1003 1287 1226 1325 Holderum
1251 1285 1419 1324 familiae
1446 1304 1468 1324 α

139 1350 360 1401 imaginem,
400 1350 568 1389 familiae
605 1352 637 1399 β
673 1351 779 1400 apud
820 1349 1056 1388 Meuselium
1095 1349 1275 1401 respiciat
1313 1363 1468 1389 summa

139 1422 219 1454 arte
248 1423 286 1454 et
316 1415 502 1455 fidelitate
532 1414 642 1465 quasi
672 1414 711 1452 in
738 1416 899 1465 speculo
926 1414 1142 1454 redditam:
1181 1428 1311 1465 neque
1337 1414 1464 1465 ipsum

139 1479 334 1530 scriptoris
363 1481 557 1519 calamum
587 1478 698 1530 sequi
724 1492 769 1518 ac
796 1479 907 1529 quasi
932 1481 1187 1531 archetypum
1214 1486 1346 1519 mente
1366 1482 1467 1519 evol-

139 1557 227 1583 vere
246 1545 498 1592 conabamur,
521 1557 620 1595 opus
640 1545 748 1583 aleae
768 1545 940 1594 plenum,
964 1545 1090 1583 fructu
1111 1557 1256 1583 carens.

194 1610 331 1647 Restat
351 1616 393 1647 ut
413 1610 579 1648 doceam
610 1622 673 1647 me
699 1615 878 1648 secutum
908 1621 992 1648 esse
1021 1608 1291 1648 Dinterianam
1321 1609 1464 1660 capitu-

138 1675 264 1711 lorum
291 1672 524 1712 divisionem
551 1686 619 1724 per
644 1672 797 1712 lexicon
825 1673 1309 1713 Lewisiano-Shortianum
1338 1676 1466 1724 vulga-

138 1744 230 1785 tam,
252 1737 449 1777 scribendi
469 1737 659 1776 rationem
680 1751 767 1776 eam
788 1739 867 1777 fere
887 1751 1005 1788 quam
1027 1738 1224 1789 praecepit
1245 1738 1464 1778 Gulielmus

140 1802 370 1841 Brambach.
442 1803 574 1852 Atque
598 1801 652 1840 eis
686 1803 737 1841 de
761 1802 887 1841 causis
907 1815 1003 1852 quas
1024 1815 1140 1852 supra
1159 1804 1464 1843 commemoravi

138 1879 188 1904 ne
229 1867 408 1905 ‘senatu'
442 1866 603 1916 quidem
635 1866 674 1904 in
705 1879 797 1905 casu
828 1866 950 1906 dandi
980 1880 1109 1917 neque
1143 1867 1183 1905 in
1214 1881 1306 1907 casu
1339 1869 1464 1919 patrio

142 1929 281 1969 ‘facie'
301 1937 507 1980 ceteraque
533 1930 588 1969 eis
617 1930 845 1978 consimilia,
868 1944 1108 1982 quamquam
1133 1932 1348 1971 certissimo
1372 1934 1464 1971 Auli

140 1993 255 2032 Gellii
284 1994 509 2033 testimonio
538 1995 777 2041 confirmata,
809 1995 1041 2045 negantibus
1071 1996 1274 2035 codicibus
1303 1998 1463 2037 Caesari

138 2058 338 2097 restituere
374 2071 492 2097 ausus
526 2072 635 2097 sum:
684 2060 753 2098 sed
791 2071 928 2098 vocem
965 2059 1090 2099 ‘acie’
1124 2060 1163 2098 in
1195 2061 1319 2111 patrio
1357 2075 1460 2110 casu,

138 2122 255 2161 unico
281 2122 367 2161 libri
389 2135 418 2161 11
440 2124 528 2161 loco
555 2122 760 2173 splendide
780 2124 941 2163 fortasse
968 2126 1161 2165 mendoso
1187 2133 1388 2175 servatam,
1412 2128 1462 2166 ab

138 2195 270 2226 nostro
290 2200 371 2226 non
391 2187 695 2228 abiudicandam
715 2187 860 2227 censui.

899 2271 1097 2309 RENATvs
1128 2273 1193 2309 Dv
1223 2273 1403 2311 PONTET.

181 2375 364 2407 Scm'bebam
386 2376 504 2408 Ventae
520 2376 700 2418 Belgarum
718 2387 825 2408 mense
839 2376 923 2408 Iulio
939 2378 983 2407 A.
1000 2378 1036 2409 S.
1057 2388 1197 2410 mncccc.
