1768 2739
437 123 511 159 DE
543 122 722 160 BELLO
752 121 997 160 GALLICO
1028 123 1129 159 LIB.
1162 123 1197 158 V

157 239 255 270 nutu
275 232 517 282 vocibusque
537 231 669 278 hostis,
688 231 719 269 si
740 231 897 269 introire
916 233 1070 278 vellent,
1085 245 1225 270 vocare
1244 239 1478 282 coeperunt:

156 310 323 346 quorum
362 296 541 347 progredi
577 309 693 334 ausus
732 303 790 334 est
823 309 951 334 nemo.
1010 298 1113 334 Tum
1148 310 1194 334 ex
1227 297 1335 335 omni
1370 304 1517 347 parte7

157 361 353 411 lapidibus
373 360 530 399 coiectis
551 359 757 407 deturbati,
781 360 972 410 turrisque
992 373 1181 398 succensa
1201 368 1268 398 est.

214 428 334 464 Erant
354 426 393 463 in
414 439 458 463 ea
478 425 630 474 legione
654 424 852 462 fortissimi
873 424 951 471 viri,
976 425 1234 472 centurioneS,
1258 426 1325 474 qui
1345 425 1477 475 primis
1499 434 1553 471 44

120 503 136 532 5
157 489 360 528 ordinibus
388 489 756 539 appropinquarent,
794 491 839 526 T.
876 490 987 526 Pullo
1021 496 1059 526 et
1091 490 1132 526 L.
1170 491 1361 527 Vorenus.
1423 489 1479 526 Hi
1504 508 1518 528 2

157 562 363 605 perpetuas
401 555 500 592 inter
537 568 578 592 se
616 554 897 593 controversias
932 554 1140 601 habebant,
1183 553 1343 604 quinam
1375 562 1481 593 ante-

157 620 325 665 ferretur,
358 618 621 668 omnibusque
654 618 765 656 annis
802 620 852 657 de
886 619 981 656 locis
1020 618 1182 656 summis
1217 618 1480 656 simultatibus

157 685 461 722 contendebant.
522 686 580 722 Ex
604 684 662 721 his
685 685 808 731 Pullo,
833 697 923 722 cum
950 683 1135 722 acerrime
1162 685 1213 722 ad
1242 683 1480 722 munitiones
1502 699 1520 728 3

157 756 401 798 pugnaretur,
441 748 571 797 ‘Quid
609 747 790 795 dubitas,’
829 747 965 798 inquit,
1002 749 1214 786 ‘Vorene?
1256 755 1322 786 aut
1362 761 1481 798 quem

101 825 140 847 10
157 815 289 852 locum
315 821 404 852 tuae
430 827 500 864 pro
526 815 642 852 laude
668 813 817 852 virtutis
844 815 1025 864 spectas?
1063 813 1126 851 hic
1153 813 1236 852 dies
1263 814 1313 851 de
1340 813 1481 851 nostris

158 879 428 917 controversiis
455 879 666 918 iudicabit.'
725 881 838 917 Haec
865 893 954 917 cum
982 878 1150 925 dixisset,
1175 878 1351 929 procedit
1377 886 1482 916 extra
1502 893 1522 924 4

159 943 408 991 munitiones,
439 957 620 994 quaeque
658 958 744 994 pars
779 944 951 982 hostium
991 943 1275 982 confertissima
1308 951 1365 982 est
1400 943 1482 981 visa

158 1008 343 1059 irrumpit.
414 1011 475 1047 Ne
513 1011 692 1048 Vorenus
731 1010 893 1059 quidem
932 1023 1017 1048 sese
1055 1010 1156 1047 vallo
1195 1008 1371 1047 continet
1409 1009 1479 1047 sed
1503 1018 1520 1049 5

158 1073 336 1111 omnium
352 1073 494 1112 veritus
515 1073 840 1112 existimationem
862 1073 1120 1123 subsequitur.
1167 1074 1271 1111 Tum
1294 1071 1481 1111 mediocri
1503 1075 1522 1106 6

102 1152 138 1183 15
159 1138 285 1188 spatio
305 1139 439 1177 relicto
461 1140 572 1177 Pullo
599 1139 721 1189 pilum
742 1139 782 1177 in
803 1138 925 1177 hostis
947 1138 1132 1185 immittit,
1154 1145 1272 1187 atque
1294 1151 1416 1176 unum
1439 1150 1484 1175 ex

159 1203 409 1242 multitudine
424 1211 716 1253 procurrentem
731 1203 873 1251 traicit;
898 1217 977 1253 quo
993 1216 1178 1254 percusso
1196 1210 1234 1240 et
1250 1202 1482 1249 exanimato,

158 1268 264 1305 hunc
305 1267 424 1306 scutis
462 1275 681 1318 protegunt,
722 1267 761 1305 in
801 1269 953 1306 hostem
993 1269 1070 1306 tela
1109 1267 1278 1305 universi
1313 1266 1484 1305 coiciunt

156 1344 286 1380 neque
324 1333 420 1370 dant
457 1331 700 1381 regrediendi
738 1333 973 1370 facultatem.
1034 1330 1290 1381 Transfigitur
1329 1338 1522 1376 scutum?

158 1395 314 1434 Pulloni
345 1403 383 1434 et
402 1404 584 1434 verutum
615 1396 655 1434 in
685 1397 816 1434 balteo
845 1395 1036 1446 defigitur.
1097 1396 1248 1434 Avertit
1278 1395 1341 1434 hic
1372 1409 1484 1434 casus
1504 1404 1522 1434 8

100 1476 139 1497 20
156 1460 335 1510 vaginam
374 1468 412 1499 et
462 1461 636 1511 gladium
677 1462 844 1500 educere
888 1460 1047 1499 conanti
1092 1461 1267 1499 dextram
1314 1467 1485 1498 moratur

158 1538 330 1572 manum,
375 1525 688 1575 impeditumque
735 1527 867 1564 hostes
915 1525 1216 1564 circumsistunt.
1290 1524 1485 1563 Succurrit
1504 1536 1522 1567 9

158 1589 338 1628 inimicus
372 1589 426 1627 illi
452 1591 635 1628 Vorenus
667 1596 706 1628 et
737 1590 929 1628 laboranti
960 1589 1151 1628 subvenit.
1212 1590 1277 1627 Ad
1308 1590 1414 1627 hunc
1444 1602 1484 1627 se
1507 1600 1545 1622 10

157 1654 364 1692 confestim
384 1667 406 1692 a
423 1655 588 1692 Pullone
607 1653 736 1692 omnis
757 1654 968 1693 multitudo
988 1653 1197 1701 convertit,
1222 1653 1329 1691 illum
1348 1661 1483 1691 veruto
1507 1665 1538 1687 11

157 1718 390 1756 arbitrantur
413 1718 598 1756 occisum.
658 1718 802 1756 Gladio
828 1718 1049 1757 comminus
1074 1731 1153 1756 rem
1179 1717 1275 1767 gerit
1288 1719 1481 1765 Vorenus,

101 1799 136 1830 25
157 1790 275 1832 atque
301 1795 381 1820 uno
408 1782 612 1820 interfecto
639 1782 808 1832 reliquos
833 1784 993 1832 paulum
1021 1781 1224 1832 propellit:
1256 1783 1351 1820 dum
1379 1781 1484 1832 cupi-

157 1846 245 1884 dius
275 1846 402 1892 instat,
432 1846 471 1884 in
502 1848 633 1884 locum
665 1846 840 1884 deiectus
873 1846 1094 1885 inferiorem
1129 1846 1312 1884 concidit.
1375 1846 1483 1885 Huic
1507 1864 1541 1885 12

157 1924 286 1949 rursus
314 1911 579 1949 circumvento
606 1912 677 1948 fert
703 1910 923 1949 subsidium
944 1913 1068 1958 Pullo,
1090 1919 1208 1961 atque
1234 1912 1354 1949 ambo
1379 1912 1484 1950 inco-

158 1977 283 2013 lumes
311 1975 578 2025 compluribus
606 1974 817 2013 interfectis
842 1989 996 2014 summa
1022 1989 1113 2014 cum
1134 1977 1250 2014 laude
1278 1990 1363 2014 sese
1384 1976 1483 2014 intra

159 2040 396 2078 munitiones
424 2040 625 2090 recipiunt.
685 2040 748 2079 Sic
774 2042 929 2079 fortuna
954 2040 994 2078 in
1021 2040 1276 2079 contentione
1303 2049 1340 2079 et
1366 2050 1483 2080 certa·
1506 2056 1543 2086 13

100 2121 139 2151 30
159 2104 264 2142 mine
302 2112 510 2154 utrumque
548 2104 723 2152 versavit,
759 2112 801 2143 ut
837 2106 933 2143 alter
969 2105 1078 2143 alteri
1116 2105 1297 2143 inimicus
1338 2106 1483 2144 auxilio

203 2217 222 2246 5
246 2208 341 2238 Pullo
359 2206 406 2237 X:
434 2208 543 2238 Pulfio
561 2207 672 2237 Aldus
821 2218 859 2238 10
882 2212 1014 2247 spectas
1030 2220 1049 2237 α
1065 2219 1072 2238 ε
1107 2213 1285 2248 exspectas
1302 2211 1325 2243 β
1446 2221 1479 2240 11

159 2257 254 2282 extra
270 2254 292 2286 β
309 2263 315 2282 :
341 2262 382 2281 ex
400 2252 519 2281 castris
536 2263 555 2280 α
705 2261 742 2281 12
767 2261 844 2290 pars
862 2252 1007 2282 hostium
1020 2251 1150 2283 Aldus:
1177 2253 1262 2291 parti
1280 2253 1423 2284 hostium
1443 2267 1461 2284 α
1476 2266 1482 2285 :

159 2295 304 2325 hostium
334 2305 412 2334 pars
429 2297 451 2328 β
544 2296 581 2324 18
606 2293 817 2333 Transigitur
834 2294 875 2323 B‘
967 2305 1006 2333 19
1030 2295 1082 2326 hic
1099 2297 1142 2329 B:
1183 2296 1259 2326 huic
1290 2308 1310 2326 α
1442 2309 1483 2336 23

158 2349 239 2368 vero
265 2339 490 2368 obscurantur
514 2338 661 2368 occisum
677 2350 718 2369 a:
743 2344 860 2369 veruto
886 2339 1084 2368 transfixum
1113 2339 1316 2370 arbitrantur
1341 2342 1384 2374 B:
1413 2341 1482 2371 Illic

159 2392 240 2412 vero
257 2387 410 2412 occursat
429 2382 524 2412 ocius
543 2382 587 2412 C:
614 2382 702 2412 illum
720 2392 800 2411 vero
817 2382 997 2420 opinantur
1015 2383 1161 2413 occisum
1177 2382 1298 2422 Frigell
