1706 2729
613 153 655 190 C.
690 153 805 190 IVLI
837 153 1104 191 CAESARIS

131 265 174 301 18
251 264 344 301 Loci
375 272 511 302 natura
540 270 620 301 erat
650 264 756 310 haec,
789 276 906 313 quem
939 264 1069 301 locum
1102 264 1221 301 nostri
1254 263 1387 301 castris
1418 265 1519 303 dele-

194 336 337 377 gerant.
398 327 520 366 Collis
554 328 603 366 ab
643 340 798 365 summo
835 327 1047 377 aequaliter
1084 327 1244 365 declivis
1283 328 1333 365 ad
1373 329 1517 366 flumen

159 402 174 424 2
195 392 339 440 Sabim,
363 394 471 442 quod
496 406 610 442 supra
633 392 931 439 nominavimus,
955 393 1146 442 vergebat.
1206 394 1270 431 Ab
1291 406 1338 430 eo
1359 393 1519 431 flumine

194 457 273 507 pari
294 457 511 495 acclivitate
532 456 641 495 collis
662 457 903 503 nascebatur,
921 458 1105 495 adversus
1126 457 1217 495 huic
1234 466 1271 494 et
1292 456 1515 504 contrarius,

192 535 327 572 passus
348 522 499 560 circiter
526 523 718 560 ducentos
744 521 900 559 infimus
923 530 1088 571 apertus,
1112 523 1161 560 ab
1187 521 1383 572 superiore
1410 530 1517 572 parte
1537 533 1554 563 5

155 591 171 620 3
191 586 384 633 silvestris,
408 595 449 625 ut
471 600 551 625 non
576 586 688 624 facile
715 586 901 624 introrsus
926 586 1089 636 perspici
1117 594 1258 637 posset.
1320 588 1426 625 Intra
1452 600 1517 625 eas

191 651 303 690 silvas
336 653 467 690 hostes
499 652 539 689 in
571 653 727 690 occulto
760 664 845 690 sese
876 651 1155 699 continebant;
1195 651 1234 689 in
1264 659 1399 701 aperto
1428 653 1516 690 loco

191 718 408 755 secundum
457 718 605 755 flumen
647 730 794 767 paucae
832 716 1017 755 stationes
1057 716 1231 766 equitum
1270 716 1512 755 videbantur.

192 781 381 819 Fluminis
412 789 492 820 erat
521 781 688 820 altitudo
714 783 861 832 pedum
891 781 1041 820 circiter
1069 781 1195 820 trium.

122 848 169 886 19
245 847 399 893 Caesar,
414 846 588 896 equitatu
604 846 827 897 praemisso,
843 846 1154 896 subsequebatur
1169 846 1352 886 omnibus
1368 846 1490 897 copiis
1507 862 1514 885 ε
1538 862 1576 884 10

189 911 259 948 sed
289 910 386 948 ratio
415 912 592 960 ordoque
622 911 786 962 agminis
816 910 925 950 aliter
954 924 994 949 se
1024 911 1195 949 habebat
1224 924 1269 949 ac
1295 913 1438 961 Belgae
1463 912 1515 950 ad

152 988 166 1008 2
189 975 354 1023 Nervios
389 976 617 1014 detulerant.
679 977 782 1014 Nam
814 977 947 1026 †quod
980 975 1128 1016 hostis†
1162 975 1512 1026 appropinquabat,

187 1040 472 1079 consuetudine
504 1054 572 1079 sua
605 1042 748 1080 Caesar
782 1054 848 1079 sex
881 1040 1053 1090 legiones
1088 1040 1288 1090 expeditas
1319 1040 1515 1087 ducebat,-

150 1118 166 1147 3
185 1112 273 1155 post
290 1119 354 1143 eas
375 1105 494 1144 totius
515 1106 704 1144 exercitus
731 1105 1013 1156 impedimenta
1037 1107 1245 1143 collocarat
1260 1119 1270 1152 ,·
1299 1104 1391 1143 inde
1411 1106 1513 1143 duae

185 1170 357 1220 legiones
381 1184 481 1220 quae
508 1170 682 1221 proxime
708 1170 950 1220 conscriptae
977 1177 1085 1208 erant
1105 1177 1231 1208 totum
1251 1182 1392 1219 agmen
1412 1171 1513 1207 clau·
1534 1182 1570 1213 ¹5

145 1247 165 1276 4
185 1236 332 1274 debant
371 1235 644 1286 praesidioque
683 1234 974 1285 impedimentis
1008 1242 1125 1273 erant.
1197 1233 1360 1284 Equites
1391 1234 1512 1272 nostri

184 1314 274 1338 cum
296 1300 558 1339 funditoribus
587 1300 868 1350 sagittariisque
896 1301 1041 1338 fiumen
1070 1299 1293 1349 transgressi
1315 1312 1404 1337 cum
1426 1300 1512 1337 hos-

146 1373 161 1402 5
185 1365 281 1403 tium
299 1366 473 1415 equitatu
489 1365 680 1415 proelium
697 1364 987 1403 commiserunt.
1039 1366 1141 1403 Cum
1158 1377 1199 1402 se
1220 1363 1273 1401 illi
1294 1363 1509 1402 identidem

183 1429 222 1467 in
253 1429 366 1467 silvas
395 1430 446 1467 ad
475 1442 566 1467 suos
596 1429 822 1479 reciperent,
849 1442 894 1467 ac
926 1442 1054 1466 rursus
1086 1442 1132 1467 ex
1163 1428 1256 1466 silva
1285 1428 1324 1466 in
1356 1437 1509 1466 nostros

182 1494 373 1544 impetum
408 1495 587 1541 facerent,
630 1507 758 1543 neque
797 1493 919 1531 nostri
958 1493 1110 1544 longius
1149 1507 1266 1543 quam
1306 1507 1423 1543 quem
1458 1494 1508 1531 ad
1530 1507 1570 1529 20

182 1560 301 1597 finem
332 1563 533 1609 †porrecta
563 1572 608 1597 ac
638 1560 723 1597 loca
761 1567 893 1609 aperta
932 1558 1215 1608 †pertinebant‚
1249 1558 1424 1597 cedentis
1455 1558 1509 1596 in-

181 1624 291 1673 sequi
311 1625 510 1670 auderent,
535 1623 688 1661 interim
718 1623 890 1673 legiones
920 1637 985 1661 sex
1017 1636 1117 1672 quae
1141 1622 1287 1672 primae
1311 1632 1505 1670 venerant,

141 1699 161 1730 6
181 1701 298 1738 opere
343 1688 533 1735 dimenso,
590 1697 713 1726 eastra
759 1688 909 1726 munire
964 1696 1186 1738 coeperunt.
1258 1687 1339 1726 Ubi
1385 1688 1507 1738 prima

180 1753 461 1803 impedimenta
495 1753 616 1791 nostri
652 1753 840 1792 exercitus
881 1754 930 1791 ab
969 1753 1024 1791 eis
1064 1753 1130 1802 qui
1167 1753 1207 1790 in
1241 1752 1344 1790 silvis
1382 1753 1506 1791 abditi

178 1819 351 1857 latebant
388 1818 469 1856 visa
507 1827 607 1865 sunt,
654 1819 762 1868 quod
804 1826 958 1868 tempus
998 1818 1097 1856 inter
1135 1831 1202 1856 eos
1233 1817 1505 1856 committendi
1527 1832 1565 1863 ²5

177 1883 298 1932 proeli
328 1890 572 1930 convenerat,
609 1891 650 1921 ut
675 1883 774 1921 intra
805 1883 917 1921 silvas
951 1883 1075 1922 aciem
1103 1883 1339 1933 ordinesque
1367 1883 1506 1922 consti-

177 1955 328 1985 tuerant
368 1956 486 1997 atque
532 1947 604 1997 ipsi
653 1961 737 1986 sese
776 1949 1110 1994 confirmaverant,
1153 1947 1282 1985 subito
1322 1948 1505 1986 omnibus

141 2025 156 2056 7
176 2011 298 2061 copiis
327 2014 625 2062 provolaverunt
662 2012 932 2062 impetumque
967 2012 1007 2050 in
1039 2020 1192 2050 nostros
1225 2012 1374 2062 equites
1409 2014 1506 2051 fece-

176 2085 272 2114 runt.
336 2077 410 2114 His
457 2077 568 2116 facile
608 2077 727 2127 pulsis
767 2091 811 2115 ac
851 2077 1096 2128 proturbatis,
1129 2077 1347 2116 incredibili
1377 2078 1505 2116 celeri-

175 2150 252 2179 tate
281 2143 331 2180 ad
363 2144 509 2180 fiumen
542 2144 857 2189 decucurrerunt,
894 2151 935 2180 ut
974 2156 1098 2192 paene
1138 2157 1217 2181 uno
1259 2152 1434 2193 tempore
1465 2151 1503 2181 et
1524 2154 1563 2184 30

137 2207 224 2245 Sad
252 2207 364 2245 silvas
394 2216 431 2246 et
464 2208 502 2245 in
539 2207 699 2246 flumine
733 2216 769 2245 et
800 2208 877 2245 iam
912 2207 951 2245 in
984 2208 1164 2246 manibus
1199 2208 1338 2246 nostris
1371 2209 1501 2246 hostes

174 2271 404 2310 viderentur.
480 2274 630 2311 Eadem
672 2280 802 2311 autem
851 2272 1046 2310 celeritate
1094 2274 1257 2311 adverso
1305 2273 1404 2310 colle
1451 2274 1500 2310 ad

220 2385 256 2404 12
282 2376 370 2413 quod
388 2387 406 2404 α
423 2387 429 2406 2
462 2377 570 2413 quoad
590 2377 630 2409 B:
663 2376 752 2414 quod
770 2376 811 2405 ad
824 2375 940 2406 Dinter
1002 2376 1108 2406 hostis
1122 2375 1256 2405 A'BU:
1285 2376 1399 2406 hostes
1413 2373 1496 2405 RT:

174 2418 259 2447 hosti
284 2417 425 2448 Ursinus
536 2428 573 2448 21
601 2428 636 2449 ac
654 2417 711 2448 del.
731 2417 867 2450 Dt'nter:
900 2428 936 2449 ac
954 2422 981 2449 et
996 2423 1112 2458 aperta
1128 2417 1186 2448 del.
1207 2418 1328 2459 FmJgeIl
