1768 2739
411 143 484 179 DE
515 141 694 180 BELLO
724 140 970 179 GALLICO
999 141 1102 178 LIB.
1134 138 1217 177 VII

154 251 309 294 silentio
346 253 526 305 progredi
564 252 696 302 ibique
739 265 780 290 se
825 252 1039 302 exspectari
1083 252 1202 291 iubet.
1290 251 1477 303 Quinque
1499 265 1513 286 2

155 318 335 366 cohortis,
368 331 464 369 quas
494 317 655 356 minime
684 318 814 355 firmas
844 318 895 356 ad
930 317 1200 356 dimicandum
1236 331 1320 356 esse
1355 317 1478 356 existi-

155 384 297 430 mabat,
316 383 448 422 castris
468 381 661 432 praesidio
681 381 864 431 relinquit
880 396 891 430 5
921 381 1095 431 quinque
1116 381 1292 421 eiusdem
1314 382 1477 432 legionis
1498 390 1516 420 3

154 447 320 497 reliquas
341 448 392 486 de
412 446 541 485 media
560 453 676 484 nocte
691 459 781 484 curn
796 445 979 484 omnibus
1000 445 1292 495 impedimentis
1313 447 1477 484 adverso

118 523 135 554 5
155 512 316 550 flumine
336 524 477 561 magno
497 512 666 548 tumultu
687 509 880 560 proficisci
900 510 1074 560 imperat.
1135 509 1343 559 Conquirit
1359 510 1475 548 etiam
1498 526 1516 555 4

155 576 310 615 lintres:
352 577 421 613 has
455 588 598 624 magno
635 574 766 613 sonitu
795 587 991 612 remorum
1025 573 1204 612 incitatas
1240 574 1280 612 in
1311 575 1477 612 eandem

154 648 301 690 partem
323 639 449 677 mittit.
510 641 600 689 Ipse
620 646 709 689 post
733 640 849 689 paulo
870 638 1025 677 silentio
1045 651 1220 688 egressus
1243 652 1333 677 cum
1355 638 1477 677 tribus

154 704 370 755 legionibus
391 717 481 742 eum
502 705 633 742 locum
654 703 750 753 petit
770 716 849 753 quo
869 703 977 741 navis
997 703 1139 754 appelli
1160 703 1332 742 iusserat.

210 771 269 807 Eo
300 782 390 807 cum
425 776 526 807 esset
558 776 730 815 ventum,
764 769 1025 817 exploratores
1064 767 1248 814 hostium,
1290 774 1332 806 ut
1370 767 1478 806 omni
1499 767 1545 805 61

99 849 137 871 10
156 833 325 872 fluminis
365 841 472 883 parte
512 840 620 871 erant
662 832 852 883 dispositi,
892 832 1150 883 inopinantes,
1191 833 1299 882 quod
1339 845 1480 882 magna

156 897 286 936 subito
333 905 412 935 erat
455 904 587 936 coorta
634 904 856 947 tempestaS‚
900 897 950 935 ab
993 896 1134 935 nostris
1176 896 1449 946 opprimuntur
1470 911 1480 944 ,·

156 961 344 1000 exercitus
371 961 644 1011 equitatusque
670 961 867 1011 equitibus
897 960 1089 1000 Romanis
1118 960 1480 999 administrantibus
1503 975 1517 995 2

156 1040 255 1077 quos
289 1026 324 1064 ei
358 1026 515 1076 negotio
549 1027 784 1076 praefecerat
816 1026 991 1064 celeriter
1024 1025 1305 1063 transmittitur.
1385 1026 1479 1064 Uno
1500 1035 1517 1066 3

158 1092 236 1129 fere
277 1098 452 1140 tempore
499 1091 572 1128 sub
619 1092 746 1128 lucem
789 1089 968 1128 hostibus
1013 1089 1212 1127 nuntiatur
1259 1089 1299 1127 in
1346 1088 1480 1127 castris

101 1171 137 1202 15
160 1156 428 1193 Romanorum
456 1162 606 1203 praeter
631 1153 958 1192 consuetudinem
983 1152 1208 1191 tumultuari
1233 1160 1270 1191 et
1295 1166 1479 1202 magnum

158 1219 211 1257 ire
237 1232 377 1268 agmen
401 1220 564 1257 adverso
594 1218 754 1256 flumine
778 1217 1030 1267 sonitumque
1057 1230 1252 1256 remorum
1276 1217 1316 1255 in
1341 1217 1480 1255 eadem

157 1290 265 1333 parte
295 1282 467 1321 exaudiri
500 1290 537 1320 et
571 1283 688 1332 paulo
719 1281 816 1319 infra
848 1281 989 1319 milites
1020 1281 1184 1319 navibus
1218 1281 1478 1331 transportari.

158 1347 313 1396 Quibus
333 1347 448 1385 rebus
467 1346 620 1393 auditis,
639 1347 747 1396 quod
768 1345 1041 1384 existimabant
1062 1345 1183 1383 tribus
1204 1345 1299 1384 locis
1321 1345 1480 1383 transire
1500 1353 1518 1382 4

157 1411 329 1461 legiones
375 1419 493 1461 atque
531 1410 658 1450 omnis
697 1411 941 1460 perturbatos
980 1409 1203 1448 defectione
1250 1410 1479 1448 Aeduorum

101 1494 140 1516 20
158 1478 287 1525 fugam
317 1489 460 1525 parare,
492 1488 580 1513 suas
610 1488 769 1525 quoque
798 1474 930 1524 copias
960 1474 999 1511 in
1030 1474 1096 1512 tris
1125 1474 1243 1523 partis
1277 1473 1482 1512 distribue-

158 1547 256 1577 runt.
317 1541 419 1578 Nam
444 1539 638 1589 praesidio
662 1552 683 1576 e
710 1537 868 1587 regione
901 1546 1114 1575 castrorum
1139 1537 1273 1575 relicto
1300 1544 1338 1575 et
1364 1550 1480 1587 parva
1501 1554 1518 1585 5

159 1617 277 1642 manu
308 1603 575 1641 Metiosedum
598 1615 731 1641 versus
758 1602 884 1648 missa,
909 1615 1009 1651 quae
1033 1608 1185 1639 tantum
1213 1601 1482 1651 progrediatur

159 1675 349 1718 quantum
374 1681 491 1706 naves
515 1666 804 1717 processissent,
834 1665 1000 1716 reliquas
1025 1665 1157 1715 copias
1184 1672 1319 1704 contra
1346 1665 1483 1704 Labie-

159 1746 254 1771 num
278 1733 481 1771 duxerunt.

102 1816 140 1847 ²5
155 1788 180 1805 ”s
214 1796 342 1835 Prima
371 1798 458 1834 luce
485 1803 523 1834 et
549 1795 670 1835 nostri
693 1808 830 1834 omnes
851 1802 959 1833 erant
979 1793 1225 1844 transportati
1246 1801 1284 1833 et
1310 1793 1481 1833 hostium
1501 1795 1556 1833 62

158 1861 262 1900 acies
305 1862 544 1899 cernebatur.
621 1860 818 1899 Labienus
861 1859 1002 1898 milites
1044 1860 1270 1897 cohortatus
1309 1866 1350 1896 ut
1390 1871 1482 1896 suae
1504 1878 1519 1899 2

160 1925 342 1976 pristinae
371 1925 520 1963 virtutis
546 1932 584 1963 et
613 1923 985 1963 secundissimorum
1011 1923 1247 1974 proeliorum
1274 1922 1483 1960 retinerent

161 1990 389 2029 memoriam
436 1997 553 2039 atque
597 1989 725 2039 ipsum
773 1990 992 2034 Caesarem,
1044 1987 1154 2026 cuius
1202 1988 1324 2026 ductu
1366 2000 1482 2036 saepe

160 2068 324 2093 numero
352 2053 474 2092 hostis
497 2061 752 2104 superassent,
775 2060 1019 2103 praesentem
1043 2053 1181 2091 adesse
1208 2051 1480 2097 existimarent,

102 2133 142 2164 30
160 2121 229 2158 dat
257 2119 410 2169 signum
439 2116 571 2168 proeli.
630 2117 762 2156 Primo
785 2129 978 2156 concursu
1006 2117 1056 2155 ab
1085 2118 1221 2155 dextro
1250 2129 1383 2161 cornu,
1414 2114 1482 2153 ubi
1503 2129 1520 2159 3

161 2183 327 2234 septima
355 2182 455 2233 legio
485 2182 718 2228 constiterat,
751 2183 883 2220 hostes
909 2183 1106 2232 pelluntur
1134 2188 1252 2230 atque
1281 2180 1320 2217 in
1350 2181 1480 2229 fugam

160 2248 377 2288 coiciuntur
395 2261 405 2296 3
450 2247 501 2286 ab
547 2246 712 2293 sinistro,
761 2259 879 2296 quern
917 2248 1048 2285 locum
1097 2244 1334 2284 duodecima
1379 2243 1519 2293 legio4

206 2361 246 2381 22
265 2349 488 2381 Metiosedum
505 2347 596 2383 A'ss:
621 2348 839 2380 m&losedum
856 2347 898 2379 B'
964 2348 1228 2387 progrederetur
1244 2348 1266 2381 β
1357 2357 1395 2385 27
1408 2348 1484 2388 post

162 2399 196 2425 et
212 2393 286 2425 add.
305 2398 351 2424 tot
367 2395 389 2427 Β
523 2402 564 2432 32
589 2391 786 2425 duodecima
802 2389 867 2422 A‘:
894 2401 954 2423 ΧΠ,
972 2393 994 2426 β
1010 2402 1015 2421 1
1041 2390 1289 2430 quintadecima
1306 2388 1349 2420 B'

204 2456 345 2478 CAESAR.
366 2454 430 2477 3.(3.
1357 2442 1395 2474 12
