1768 2739
427 138 500 174 DE
531 135 710 174 BELLO
741 135 986 174 GALLICO
1017 136 1118 173 LIB.
1152 137 1209 173 VI

158 247 518 297 controversiasque
556 245 748 284 minuunt.
808 245 1029 283 Latrocinia
1060 247 1207 284 nullam
1246 246 1394 285 habent
1427 246 1481 284 in·
1504 251 1523 282 6

159 312 317 351 famiam
346 318 579 362 quaeextra
608 309 695 348 finis
734 309 925 359 cuiusque
954 309 1118 347 civitatis
1148 311 1256 357 fiunt,
1290 318 1408 361 atque
1435 324 1481 349 ea

158 375 369 415 iuventutis
408 375 648 414 exercendae
681 387 728 412 ac
762 373 937 412 desidiae
977 373 1215 412 minuendae
1249 388 1366 413 causa
1398 376 1480 413 fieri

159 440 394 491 praedicant.
415 450 428 477 1
454 442 584 489 Atque
604 438 671 477 ubi
693 438 779 489 quis
803 452 849 477 ex
875 438 1115 489 principibus
1137 438 1176 476 in
1197 439 1365 478 concilio
1386 439 1481 478 dixit
1507 454 1522 488 7

121 518 137 549 5
159 518 199 543 se
226 506 367 543 ducem
392 505 483 550 fore,
508 502 574 553 qui
605 502 715 552 sequi
743 502 862 541 velint
890 503 1154 552 profiteantur,
1178 510 1419 553 consurgunt
1447 503 1481 542 ei

158 567 226 618 qui
246 576 284 607 et
304 581 461 606 causam
482 574 519 606 et
540 566 742 605 hominem
764 567 932 617 probant
952 580 1146 618 suumque
1166 567 1352 606 auxilium
1374 567 1482 618 polli-

159 640 294 671 centur
312 639 430 683 atque
450 633 500 670 ab
522 631 773 670 multitudine
794 633 1090 671 collaudantur:
1120 632 1187 682 qui
1208 647 1254 671 ex
1274 632 1333 671 his
1356 632 1479 671 secuti
1506 647 1523 675 S

158 711 238 736 non
262 705 362 744 sunt,
392 697 432 735 in
463 698 706 736 desertorum
735 711 780 735 ac
810 697 1054 747 proditorum
1087 711 1251 736 numero
1285 699 1483 737 ducuntur

158 761 414 812 omniumque
444 761 502 800 his
537 775 663 800 rerum
696 769 832 812 postea
863 763 961 801 fides
992 764 1209 813 derogatur.
1270 763 1482 813 Hospitem
1507 778 1526 809 9

102 840 141 862 10
159 826 302 866 violare
329 828 384 865 fas
412 840 491 865 non
522 833 685 877 putant;
716 826 782 876 qui
805 840 961 877 quaque
988 828 1038 865 de
1063 840 1180 865 causa
1204 828 1255 866 ad
1283 841 1349 866 eos
1371 841 1483 866 vene-

159 899 247 930 runt
275 892 325 930 ab
350 891 487 930 iniuria
517 892 736 942 prohibent,
760 899 916 931 sanctos
946 892 1103 939 habent,
1137 892 1275 942 hisque
1305 892 1482 932 omnium

158 957 300 995 domus
321 964 455 1007 patent
475 956 679 1006 victusque
700 956 1021 995 communicatur.

213 1023 271 1058 Ac
296 1020 367 1059 fuit
397 1028 512 1059 antea
540 1028 703 1071 tempuS‚
728 1034 817 1059 cum
840 1022 1059 1059 Germanos
1082 1020 1184 1059 Galli
1205 1020 1345 1060 virtute
1372 1035 1483 1072 supe·
1507 1033 1557 1070 24

159 1093 295 1132 rarent,
319 1087 419 1124 ultro
441 1086 542 1124 bella
563 1085 756 1132 inferrent,
781 1093 937 1136 propter
963 1085 1169 1124 hominum
1191 1085 1482 1125 multitudinem

105 1164 139 1195 15
158 1149 317 1200 agrique
337 1149 510 1200 inopiam
538 1158 641 1188 trans
665 1152 850 1189 Rhenum
875 1150 1049 1189 colonias
1077 1150 1283 1189 mitterent.
1346 1153 1484 1201 Itaque
1511 1166 1525 1187 2

159 1228 205 1252 ea
225 1228 325 1264 quae
343 1214 575 1253 fertilissima
600 1214 834 1253 Germaniae
862 1222 952 1252 sunt
972 1216 1059 1253 loca
1079 1214 1225 1253 circum
1244 1215 1484 1265 Hercyniam

159 1278 294 1317 silvam
316 1279 450 1329 (quam
474 1279 723 1317 Eratostheni
742 1287 781 1318 et
797 1279 1035 1329 quibusdam
1053 1279 1213 1318 Graecis
1229 1281 1332 1317 fama
1353 1286 1486 1318 notam

158 1357 242 1382 esse
262 1343 387 1390 video,
405 1357 523 1393 quam
546 1344 599 1382 illi
622 1344 832 1394 Orcyniam
854 1344 1069 1394 appellant)
1087 1346 1235 1382 Volcae
1251 1345 1489 1395 Tectosages

158 1416 448 1458 occupaverunt
483 1416 602 1459 atque
642 1407 696 1447 ibi
733 1410 1021 1456 consederunt3
1070 1422 1171 1458 quae
1208 1422 1303 1459 gens
1333 1410 1383 1447 ad
1413 1410 1489 1447 hoc
1510 1425 1527 1453 3

101 1487 139 1509 20
159 1479 313 1522 tempus
343 1473 402 1511 his
433 1473 593 1512 sedibus
624 1486 709 1512 sese
741 1473 926 1520 continet,
961 1486 1236 1523 summamque
1266 1473 1385 1511 habet
1415 1473 1489 1511 ius-

160 1537 264 1576 titiae
293 1545 331 1576 et
360 1537 524 1577 bellicae
552 1538 677 1576 laudis
699 1537 939 1587 opinionem.
1000 1539 1118 1576 Nunc
1145 1539 1253 1588 quod
1278 1537 1317 1575 in
1348 1539 1486 1577 eadem
1507 1553 1525 1582 4

159 1600 300 1651 inopia,
326 1609 505 1651 egestate,
538 1601 724 1652 patientia
755 1615 832 1651 qua
862 1602 1049 1641 Germani
1079 1609 1320 1652 permanent,
1345 1603 1486 1641 eodem
1508 1614 1524 1644 5

159 1666 262 1704 victu
287 1674 325 1704 et
345 1668 452 1705 cultu
474 1666 646 1716 corporis
669 1673 839 1705 utuntur.
902 1666 1024 1705 Gallis
1045 1674 1177 1705 autem
1199 1666 1487 1716 provinciarum

161 1730 429 1781 propinquitas
469 1738 506 1769 et
547 1731 889 1769 transmarinarum
931 1745 1057 1770 rerum
1099 1731 1237 1770 notitia
1276 1733 1399 1770 multa
1436 1733 1487 1771 ad

103 1809 139 1839 ²5
162 1794 316 1844 copiam
354 1803 473 1845 atque
511 1809 603 1834 usus
636 1795 816 1846 largitum
856 1795 1043 1845 paulatim
1077 1795 1284 1835 assuefacti
1317 1796 1488 1847 superari
1509 1804 1527 1836 6

161 1859 372 1909 multisque
392 1859 482 1898 victi
510 1860 664 1910 proeliis
695 1874 744 1899 ne
769 1874 810 1899 se
837 1860 998 1911 quidem
1027 1860 1099 1911 ipsi
1127 1874 1217 1899 cum
1246 1861 1319 1900 illis
1350 1861 1489 1901 virtute

160 1931 399 1973 comparant.

216 1988 346 2026 Huius
386 1988 609 2038 Hercyniae
647 1988 775 2035 silvae,
817 2003 918 2039 quae
957 2003 1072 2040 supra
1111 1991 1378 2028 demonstrata
1419 1998 1486 2038 est,
1509 1999 1560 2038 25

161 2052 327 2091 latitudo
348 2066 490 2092 novem
511 2053 663 2091 dierum
684 2053 755 2092 iter
775 2054 958 2104 expedito
988 2062 1117 2104 patet:
1150 2068 1230 2092 non
1254 2054 1359 2092 enim
1381 2054 1491 2093 aliter

103 2130 143 2161 30
162 2117 261 2154 finiri
283 2125 411 2167 potest
438 2131 566 2167 neque
592 2132 792 2157 mensuras
814 2118 995 2157 itinerum
1019 2126 1221 2157 noverunt.
1287 2118 1418 2157 Oritur
1439 2119 1489 2158 ab
1511 2136 1526 2158 2

163 2182 437 2220 Helvetiorum
468 2190 505 2220 et
536 2184 749 2222 Nemetum
777 2190 814 2221 et
841 2183 1100 2222 Rauricorum
1128 2183 1272 2221 finibus
1307 2190 1490 2234 rectaque

161 2245 331 2285 fluminis
376 2247 534 2286 Danuvi
577 2248 733 2299 regione
776 2248 942 2299 pertinet
982 2251 1033 2288 ad
1074 2249 1161 2288 finis
1206 2251 1406 2289 Dacorum
1452 2255 1490 2286 et

161 2313 393 2361 Anartium3
433 2313 525 2352 hinc
559 2326 600 2352 se
631 2313 750 2353 flectit
780 2313 1021 2354 sinistrorsus
1055 2313 1215 2353 diversis
1244 2315 1295 2354 ab
1327 2314 1489 2354 flumine
1511 2323 1527 2353 3

166 2423 204 2446 10
230 2425 361 2454 quaque
379 2426 398 2444 α
414 2426 419 2444 ;
445 2424 654 2454 quacumque
666 2417 687 2450 β
777 2425 817 2446 22
834 2425 899 2454 qua
917 2414 970 2445 X:
989 2415 1195 2454 queAldas:
1214 2426 1278 2456 qua
1289 2421 1365 2447 ante
1381 2416 1490 2447 Heller
