1768 2739
647 140 690 177 C.
726 140 841 176 IVLI
873 139 1143 177 CAESARIS

156 264 209 302 42
284 253 347 290 Ab
369 253 442 290 hac
464 264 532 301 spc
553 250 696 301 repulsi
720 250 851 289 Nervii
873 252 974 288 vallo
996 251 1142 299 pedum
1165 261 1209 288 IX
1230 257 1268 288 et
1288 251 1392 288 fossa
1411 251 1558 300 pedum

193 332 207 351 2
230 329 284 354 xv
306 317 470 355 hiberna
490 316 662 366 cingunt.
724 317 839 353 Haec
859 322 896 353 et
918 315 1162 365 superiorum
1182 328 1376 353 annorum
1398 328 1559 354 consue-

229 382 366 421 tudine
386 382 436 420 ab
457 381 572 420 nobis
593 388 858 431 cognoverant
879 388 917 419 et
937 394 1037 430 quos
1059 382 1160 419 clam
1181 381 1232 419 de
1252 380 1422 419 exercitu
1443 381 1558 419 habe-

191 459 209 488 3
228 448 323 485 bant
347 446 522 497 captivos
543 447 593 485 ab
621 448 675 484 eis
703 446 947 485 docebantur
962 461 972 494 3
1005 447 1074 484 sed
1102 447 1209 484 nulla
1235 447 1557 484 ferramentorum

227 512 343 561 copia
374 525 476 562 quae
505 519 607 549 esset
636 512 687 549 ad
717 513 823 549 hunc
858 524 971 549 usum
1007 511 1161 558 idonea,
1194 511 1332 560 gladiis
1367 511 1558 561 caespites
1578 526 1595 556 5

226 576 518 623 circumcidere,
555 575 738 614 manibus
776 576 999 625 sagulisque
1037 584 1177 614 terram
1217 576 1417 614 exhaurire
1456 576 1559 614 vide-

186 654 205 684 4
226 643 378 680 bantur.
438 643 530 690 Qua
556 640 718 691 quidem
748 654 794 678 cx
823 654 862 678 re
892 640 1098 679 hominum
1129 641 1342 679 multitudo
1371 641 1557 691 cognosci

227 704 381 754 potuit:
416 718 508 743 nam
533 705 662 744 minus
687 705 792 744 horis
821 705 943 744 tribus
973 705 1124 744 milium
1158 704 1208 758 [p.
1244 704 1316 758 xv]
1350 705 1389 743 in
1421 704 1555 743 circui-

186 785 203 814 5
226 776 268 807 tu
289 780 343 807 111
362 769 623 809 munitionem
643 772 889 821 perfecerunt
904 785 914 819 3
943 770 1181 821 reliquisque
1207 770 1347 809 diebus
1371 769 1483 808 turris
1504 770 1554 808 ad

223 835 472 873 altitudinem
504 834 606 881 valli,
642 835 760 871 falces
799 831 1105 882 testudinesque,
1138 845 1235 882 quas
1270 832 1376 870 idem
1410 832 1553 882 captivi
1576 847 1615 870 10

223 902 450 947 docuerant,
473 913 608 949 parare
632 912 678 937 ac
703 900 829 937 facere
855 905 1079 948 coeperunt.

150 971 203 1009 43
277 964 455 1016 Septimo
490 962 796 1014 oppugnationis
835 962 899 1001 die
939 961 1111 1000 maximo
1159 969 1295 1001 coorto
1333 970 1451 1001 vento
1486 963 1555 1001 fer-

222 1030 348 1069 ventis
382 1029 485 1068 fusili
517 1043 563 1068 ex
597 1028 730 1079 argilla
760 1027 912 1078 glandis
952 1027 1083 1066 fundis
1118 1035 1155 1066 et
1187 1028 1395 1066 fervefacta
1429 1027 1555 1066 iacula

223 1095 262 1133 in
290 1108 410 1142 casas,
433 1108 535 1144 quae
562 1106 671 1132 more
697 1092 852 1131 Gallico
881 1092 1103 1130 stramentis
1133 1100 1242 1131 erant
1269 1100 1406 1139 tectae,
1429 1092 1555 1131 iacere

187 1178 201 1199 2
223 1167 448 1211 coeperunt.
510 1161 600 1197 Hae
624 1157 799 1197 celeriter
822 1157 954 1208 ignem
981 1158 1367 1208 comprehenderunt
1390 1166 1428 1197 et
1448 1158 1554 1197 venti
1577 1173 1613 1206 15

185 1243 203 1273 3
224 1225 494 1276 magnitudine
510 1224 549 1262 in
565 1237 726 1263 omnem
742 1225 873 1262 locum
890 1231 1104 1262 castrorum
1118 1223 1362 1262 distulerunt.
1404 1225 1554 1262 Hostes

222 1291 394 1329 maximo
423 1292 605 1337 clamore,
632 1288 745 1328 sicuti
769 1296 877 1340 parta
906 1288 983 1326 iam
1010 1296 1129 1338 atque
1157 1290 1355 1338 explorata
1380 1288 1552 1335 victoria,

222 1355 334 1394 turris
356 1355 653 1405 testudinesque
679 1367 793 1404 agere
819 1361 857 1392 et
882 1354 994 1392 scalis
1015 1355 1159 1391 vallum
1183 1354 1396 1392 ascendere
1416 1367 1554 1403 coepe-

182 1438 203 1468 4
222 1428 321 1458 runt.
381 1422 434 1458 At
468 1427 575 1458 tanta
607 1418 774 1456 militum
805 1418 924 1456 virtus
958 1426 1077 1467 atque
1108 1432 1154 1456 ea
1182 1418 1401 1468 praesentia
1431 1418 1552 1456 animi

221 1485 292 1523 fuit
312 1492 363 1531 ut,
387 1498 478 1523 cum
499 1483 646 1533 ubique
671 1484 830 1521 flamma
854 1490 1090 1521 torrerentur
1117 1482 1365 1533 maximaque
1385 1485 1550 1522 telorum
1574 1499 1615 1521 20

221 1549 474 1588 multitudine
500 1556 768 1599 premerentur
792 1561 942 1598 suaque
969 1547 1102 1586 omnia
1127 1548 1410 1598 impedimenta
1433 1556 1552 1599 atque

220 1615 349 1654 omnis
379 1617 554 1654 fortunas
585 1616 824 1665 conflagrare
853 1614 1133 1664 intellegerent,
1166 1628 1246 1653 non
1281 1616 1403 1653 modo
1432 1615 1552 1654 demi-

219 1680 355 1730 grandi
373 1694 490 1719 causa
505 1681 556 1718 de
570 1681 671 1718 vallo
685 1680 893 1718 decederet
908 1692 1027 1717 nemo
1048 1680 1117 1717 sed
1138 1693 1263 1729 paene
1278 1693 1327 1718 ne
1343 1679 1552 1729 respiceret

220 1745 381 1795 quidem
412 1744 633 1795 quisquam,
664 1757 709 1782 ac
743 1751 827 1782 tum
862 1757 1000 1782 omnes
1038 1744 1226 1783 acerrime
1264 1744 1551 1794 fortissimeque

181 1827 198 1857 5
220 1817 447 1860 pugnarent.
519 1809 601 1847 Hic
634 1809 718 1848 dies
757 1808 898 1847 nostris
933 1810 1048 1858 longe
1082 1808 1330 1858 gravissimus
1364 1809 1447 1856 fuit,
1480 1810 1550 1848 sed
1572 1825 1610 1857 25

219 1882 351 1912 tamen
382 1876 488 1912 hunc
518 1873 655 1912 habuit
682 1880 867 1912 eventum
898 1881 940 1912 ut
970 1887 1018 1912 eo
1047 1873 1111 1912 die
1142 1873 1332 1912 maximus
1363 1887 1549 1912 numerus

218 1939 392 1978 hostium
423 1941 690 1978 vulneraretur
720 1946 840 1989 atque
878 1938 1170 1986 interficeretur,
1206 1947 1248 1977 ut
1282 1952 1323 1977 se
1357 1940 1430 1977 sub
1463 1938 1549 1989 ipso

217 2007 320 2043 vallo
341 2005 660 2055 constipaverant
679 2018 957 2054 recessumque
981 2004 1115 2055 primis
1136 2004 1263 2042 ultimi
1284 2018 1364 2042 non
1385 2004 1544 2042 dabant.

179 2077 198 2106 6
219 2072 385 2108 Paulum
415 2069 578 2120 quidem
613 2069 833 2107 intermissa
866 2070 1025 2107 flamma
1057 2076 1094 2107 et
1126 2070 1300 2118 quodam
1332 2070 1421 2107 loco
1455 2068 1547 2106 turri

216 2136 357 2173 adacta
376 2142 414 2173 et
435 2134 689 2184 contingente
709 2135 865 2180 vallum,
883 2133 1018 2172 tertiae
1038 2133 1210 2172 cohortis
1231 2132 1480 2172 centuriones
1501 2146 1547 2171 ex
1567 2150 1608 2181 30

217 2213 264 2237 eo
285 2214 365 2249 quo
386 2200 541 2238 stabant
562 2201 651 2237 loco
672 2206 913 2238 recesserunt
938 2212 1110 2248 suosque
1131 2198 1258 2236 omnis
1280 2206 1547 2244 removerunt,

264 2313 274 2333 1
305 2314 361 2333 -1x-
379 2303 501 2334 ABR:
528 2313 584 2333 ·X1·
603 2303 660 2333 M:
688 2313 728 2332 -x-
747 2305 769 2337 Β
791 2302 926 2332 Orosius
1032 2313 1052 2341 3
1076 2313 1161 2341 quos
1181 2302 1262 2333 clam
1280 2302 1419 2342 Fm'gell:
1443 2312 1545 2340 quos-

219 2350 294 2381 dam
311 2348 348 2379 X
432 2350 598 2380 habebant
614 2362 633 2380 α
650 2362 656 2381 :
681 2350 774 2381 nacti
786 2352 809 2385 β
898 2350 918 2379 8
936 2352 1011 2390 post
1026 2348 1132 2379 tribus
1149 2347 1225 2380 add.
1247 2358 1268 2379 x
1289 2350 1312 2382 β
1388 2347 1419 2386 ᾗ.
1440 2357 1485 2378 xv
1502 2358 1540 2378 a:

220 2393 342 2432 pedum
354 2402 398 2423 xv
411 2392 503 2433 (post
513 2393 744 2433 munitionem)
758 2395 779 2427 β
793 2405 799 2425 :
822 2392 935 2424 seclusi
1020 2403 1041 2432 9
1059 2397 1106 2422 -tu
1119 2401 1158 2422 111
1169 2392 1296 2432 scripsi:
1314 2395 1396 2421 >tum
1407 2402 1442 2421 a:
1460 2395 1507 2421 -tu
1518 2392 1541 2424 β
