1768 2739
611 143 653 178 (¹.
690 142 804 178 IVLI
838 142 1105 179 CAESARIS

194 261 312 303 atque
340 252 438 291 alios
467 253 531 290 alii
561 252 748 303 deinceps
779 253 1001 303 exciperent
1034 253 1250 304 integrique
1281 263 1317 293 et
1348 263 1522 294 recentes

194 317 413 367 defetigatis
435 318 701 356 succedere-nt.

130 390 173 428 17
249 385 412 420 Postero
433 382 496 421 die
512 384 648 432 procul
665 396 687 421 a
703 383 836 421 castris
853 384 985 421 hostes
1007 383 1046 421 in
1067 383 1235 422 collibus
1252 384 1520 432 constiterunt,

194 447 346 497 rarique
368 462 409 486 se
433 449 642 486 ostendere
667 456 704 486 et
731 448 857 486 lenius
888 462 1006 498 quam
1037 448 1162 498 pridie
1189 457 1344 487 nostros
1371 449 1522 499 equites

157 531 171 551 2
194 513 343 562 proelio
361 514 550 551 lacessere
563 521 788 563 coeperunt.
836 515 914 551 Sed
936 513 1108 561 meridie,
1127 527 1217 552 cum
1240 515 1384 553 Caesar
1404 514 1523 564 pabu-
1541 532 1559 562 5

194 578 300 616 landi
340 591 457 616 causa
497 578 563 616 tris
602 578 777 627 legiones
816 587 935 628 atque
973 592 1134 617 omnem
1174 579 1392 629 equitatum
1432 592 1522 617 curn

195 644 237 681 C.
271 642 473 680 Trebonio
504 644 633 691 legato
660 642 842 690 misisset,
871 651 1032 692 repente
1061 657 1107 681 ex
1134 644 1318 681 omnibus
1348 644 1521 694 partibus

141 708 147 713 ‘
193 709 243 745 ad
271 708 518 757 pabulatores
539 709 833 755 advolaverunt,
857 707 912 745 sic
933 707 990 746 uti
1008 708 1060 746 ab
1084 709 1202 757 signis
1223 709 1522 759 legionibusque

156 784 173 813 3
193 786 274 810 non
298 773 542 811 absisterent.
603 772 737 811 Nostri
766 772 905 811 acriter
925 772 965 811 in
986 787 1054 811 eos
1074 773 1223 823 impetu
1253 775 1356 812 sacto
1386 787 1523 824 reppu-

193 839 319 875 lerunt
333 851 461 888 neque
482 839 602 875 finem
623 837 816 887 sequendi
837 839 1022 885 fecerunt,
1042 839 1175 887 quoad
1191 838 1367 876 subsidio
1384 838 1521 876 confisi
1544 853 1583 875 10

193 902 356 951 equites,
390 915 480 940 cum
515 910 605 952 post
636 915 678 940 se
707 901 882 952 legiones
913 902 1101 949 viderent,
1132 902 1364 952 praecipites
1399 902 1522 940 hostis

153 974 365 1016 4egerunt‚
400 981 624 1017 magnoque
657 981 793 1005 eorum
834 981 999 1006 numero
1037 968 1253 1014 interfecto,
1296 980 1424 1017 neque
1463 967 1522 1005 sui

193 1032 403 1082 colligendi
424 1047 553 1083 neque
575 1032 817 1071 consistendi
843 1042 911 1071 aut
938 1047 984 1071 ex
1011 1033 1159 1072 essedis
1179 1032 1387 1071 desiliendi
1407 1034 1524 1071 facul-

155 1104 171 1135 5
193 1104 313 1135 tatem
334 1098 538 1135 dederunt.
601 1099 659 1135 Ex
685 1099 759 1135 hac
786 1099 876 1147 fuga
900 1097 1077 1147 protinus
1106 1111 1209 1147 quae
1233 1097 1409 1147 undique
1433 1110 1523 1135 con-

192 1169 379 1200 venerant
399 1162 541 1200 auxilia
560 1162 835 1209 discesserunt,
854 1175 983 1212 neque
1000 1169 1088 1212 post
1104 1161 1144 1200 id
1161 1169 1315 1211 tempus
1333 1174 1521 1211 umquam
1544 1176 1580 1207 15

192 1226 356 1264 summis
378 1226 586 1265 nobiscum
608 1227 731 1277 copiis
752 1229 885 1266 hostes
906 1228 1205 1266 contenderunt.

128 1296 170 1332 18
247 1292 402 1338 Caesar,
439 1291 597 1340 cognito
637 1291 803 1330 consilio
844 1305 991 1338 eorum,
1036 1292 1087 1329 ad
1131 1293 1278 1329 fiumen
1322 1291 1521 1329 Tamesim

193 1356 230 1393 in
262 1356 349 1393 finis
378 1355 663 1395 Cassivellauni
687 1356 899 1394 exercitum
935 1355 1076 1403 duxit3
1124 1357 1232 1405 quod
1264 1357 1412 1393 flumen
1442 1369 1522 1393 uno

192 1420 355 1458 omnino
397 1422 486 1459 loco
526 1421 706 1470 pedibus,
747 1428 865 1470 atque
907 1421 982 1458 hoc
1021 1433 1144 1469 aegre,
1188 1419 1338 1458 transiri
1378 1427 1517 1469 potest.

155 1500 169 1520 2
194 1487 253 1523 Eo
295 1498 384 1522 cum
427 1484 609 1532 venisset,
641 1484 817 1522 animum
856 1484 1022 1522 advertit
1060 1485 1110 1522 ad
1148 1486 1309 1522 alteram
1349 1484 1520 1522 fluminis
1543 1496 1582 1518 20

154 1564 171 1594 3
191 1549 313 1598 ripam
346 1563 505 1599 magnas
527 1563 611 1588 esse
632 1549 764 1599 copias
786 1549 958 1587 hostium
989 1549 1206 1587 instructas.
1267 1548 1370 1598 Ripa
1389 1557 1520 1587 autem

191 1621 271 1652 erat
291 1614 415 1652 acutis
443 1614 607 1653 sudibus
628 1614 888 1663 praefixisque
910 1613 1070 1661 munita,
1093 1613 1350 1662 eiusdemque
1370 1613 1520 1663 generis

151 1694 171 1722 4
191 1680 264 1717 sub
304 1693 407 1728 aqua
447 1680 597 1718 defixae
639 1681 756 1718 sudes
797 1679 959 1717 flumine
1000 1679 1241 1729 tegebantur.
1302 1678 1370 1716 Eis
1405 1678 1521 1716 rebus

191 1743 356 1793 cognitis
388 1757 411 1781 a
442 1744 604 1793 captivis
638 1743 899 1794 perfugisque,
930 1744 1074 1782 Caesar
1105 1743 1320 1793 praemisso
1344 1743 1521 1792 equitatu

152 1824 168 1854 5
191 1808 399 1846 confestim
421 1808 594 1858 legiones
623 1809 810 1858 subsequi
838 1808 959 1846 iussit.
1020 1810 1098 1847 Sed
1119 1822 1164 1846 ea
1184 1808 1381 1847 celeritate
1401 1815 1521 1858 atque
1542 1823 1578 1854 25

190 1886 237 1910 eo
259 1873 408 1923 impetu
431 1873 573 1911 milites
598 1873 735 1920 ierunt,
759 1886 849 1911 cum
871 1873 998 1922 capite
1020 1875 1104 1911 solo
1125 1887 1172 1911 ex
1191 1887 1293 1923 aqua
1313 1880 1518 1920 exstarent,

191 1946 231 1975 ut
262 1939 395 1976 hostes
426 1938 618 1987 impetum
649 1937 848 1987 legionum
878 1946 997 1987 atque
1019 1938 1196 1988 equitum
1226 1938 1418 1976 sustinere
1438 1951 1518 1976 non

189 2010 350 2051 possent
372 2002 554 2052 ripasque
575 2002 816 2041 dimitterent
836 2015 881 2040 ac
903 2016 943 2040 se
964 2004 1077 2052 fugae
1099 2004 1340 2041 mandarent.

120 2083 167 2119 19
244 2067 573 2114 Cassivellaunus,
597 2075 638 2105 ut
664 2080 780 2116 supra
806 2066 1174 2114 demonstravimus,
1204 2067 1312 2105 omni
1337 2066 1518 2116 deposita

190 2145 257 2180 spe
278 2132 555 2179 contentionis,
575 2131 745 2170 dimissis
766 2132 1022 2181 amplioribus
1039 2131 1173 2181 copiis,
1191 2131 1347 2169 milibus
1368 2131 1519 2169 circiter
1539 2145 1578 2176 30

190 2204 373 2246 quattuor
404 2196 689 2235 essedariorum
724 2196 878 2243 relictis,
905 2196 1042 2234 itinera
1070 2204 1202 2234 nostra
1227 2196 1406 2234 servabat
1426 2208 1518 2244 pau-

189 2263 350 2311 lumque
378 2276 423 2299 ex
453 2262 514 2299 via
543 2262 759 2300 excedebat
787 2260 962 2310 locisque
992 2260 1190 2310 impeditis
1211 2274 1256 2298 ac
1278 2259 1516 2298 silvestribus

235 2374 249 2401 7
277 2365 428 2402 partibus
445 2375 510 2395 om.
529 2377 548 2394 a
639 2366 658 2394 8
684 2364 786 2393 sicubi
805 2363 1027 2404 Diltenbeager
1040 2364 1179 2403 quinon
1196 2364 1264 2394 secl.
1346 2373 1384 2393 10
1405 2363 1514 2401 quoad

189 2406 275 2437 codd.
295 2407 359 2437 duo
374 2407 555 2439 deteriores:
581 2409 671 2446 quod
689 2406 773 2437 A‘U
783 2418 788 2436 z
814 2417 882 2446 quo
900 2407 932 2437 Β
938 2407 967 2437 Τ
