1768 2739
426 151 499 187 DE
528 148 711 198 BELLO
742 149 987 188 GALLICO
1018 151 1120 187 LIB.
1153 152 1212 187 VI

160 262 314 300 Eodem
345 262 536 300 Carnutes
570 261 716 310 legatos
751 260 989 310 obsidesque
1020 260 1179 300 mittunt
1208 261 1267 300 usi
1297 263 1478 313 depreca-
1498 277 1515 308 5

158 325 305 364 toribus
341 325 487 371 Remis,
521 337 687 374 quorum
718 331 825 362 erant
856 323 895 362 in
931 324 1134 364 clientela:
1178 327 1316 364 eadem
1351 327 1479 364 ferunt

158 404 352 441 responsa.
424 388 575 440 Peragit
613 389 824 428 concilium
864 391 1009 429 Caesar
1046 389 1275 441 equitesque
1314 391 1515 441 imperat6

157 454 387 493 civitatibus.

120 533 137 563 5
212 520 301 557 Hac
332 525 439 569 parte
471 518 621 556 Galliae
652 525 799 568 pacata,
834 525 938 557 totus
969 525 1006 557 et
1039 526 1169 557 mente
1202 527 1239 557 et
1273 519 1406 557 animo
1440 519 1479 557 in
1499 527 1524 565 5

158 583 303 621 bellum
323 584 580 620 Treverorum
601 590 639 621 et
659 582 897 632 Ambiorigis
921 582 1071 621 insistit.
1132 582 1367 623 Cavarinum
1389 597 1479 622 cum
1503 601 1517 621 2

157 647 331 698 equitatu
363 649 564 687 Senonum
596 661 730 686 secum
762 648 955 698 proficisci
986 647 1104 695 iubet,
1136 662 1185 687 ne
1216 648 1302 699 quis
1333 657 1400 687 aut
1435 663 1481 687 ex

157 712 271 751 huius
303 712 503 751 iracundia
533 720 599 750 aut
632 726 678 751 ex
717 726 764 751 eo
804 714 912 762 quod
952 720 1143 751 meruerat
1182 712 1276 751 odio
1315 713 1479 751 civitatis

157 785 286 816 motus
312 777 477 816 exsistat.
538 778 613 816 His
645 778 760 816 rebus
791 778 1023 825 constitutis,
1045 780 1153 828 quod
1185 792 1254 828 pro
1282 780 1481 829 explorato
1502 794 1518 824 3

101 860 140 881 10
157 843 327 882 habebat
347 842 615 893 Ambiorigem
632 843 780 893 proelio
797 857 876 882 non
893 857 977 882 esse
993 851 1318 891 concertaturum,
1334 844 1481 895 reliqua

156 907 239 946 eius
268 907 431 946 consilia
459 907 592 946 animo
626 908 973 958 circumspiciebat.
1034 910 1155 947 Erant
1188 908 1364 959 Menapii
1397 923 1479 959 pro·
1498 922 1517 953 4

157 971 292 1022 pinqui
341 972 572 1011 Eburonum
612 972 767 1019 finibuS,
808 973 1004 1023 perpetuis
1044 973 1253 1022 paludibus
1297 973 1480 1023 silvisque

157 1037 307 1084 muniti,
341 1038 408 1088 qui
441 1038 508 1076 uni
543 1052 588 1076 ex
620 1038 747 1077 Gallia
781 1040 831 1078 de
863 1052 959 1089 pace
997 1040 1047 1077 ad
1087 1040 1295 1078 Caesarem
1334 1041 1481 1089 legatos

157 1116 373 1152 numquam
408 1102 600 1141 miserant.
662 1104 764 1142 Cum
797 1103 856 1141 his
891 1117 976 1142 esse
1015 1103 1228 1153 hospitium
1263 1104 1481 1153 Ambiorigi

100 1185 137 1217 15
157 1168 305 1207 sciebat
319 1183 329 1216 3
357 1168 451 1207 item
478 1182 545 1219 per
565 1171 754 1208 Treveros
782 1169 933 1208 venisse
962 1169 1168 1207 Germanis
1199 1169 1237 1207 in
1269 1169 1481 1208 amicitiam

157 1241 401 1283 cognoverat.
463 1235 575 1272 Haec
597 1233 701 1284 prius
722 1233 775 1271 illi
800 1235 1043 1273 detrahenda
1067 1234 1208 1272 auxilia
1237 1233 1481 1273 existimabat
1502 1247 1519 1278 5

157 1311 275 1347 quam
302 1298 429 1348 ipsum
458 1299 561 1337 bello
590 1300 805 1345 lacesseret,
829 1312 879 1337 ne
904 1300 1110 1349 desperata
1135 1300 1258 1337 salute
1285 1307 1351 1337 aut
1375 1313 1416 1337 se
1443 1299 1482 1337 in

159 1361 367 1412 Menapios
400 1363 562 1401 abderet
595 1370 661 1400 aut
696 1376 786 1401 cum
817 1363 1127 1401 Transrhenanis
1158 1363 1344 1413 congredi
1373 1377 1484 1414 coge-

157 1433 268 1464 retur.
330 1428 422 1465 Hoc
443 1426 539 1465 inito
566 1426 741 1474 consilio,
767 1426 883 1466 totius
905 1427 1093 1466 exercitus
1121 1427 1404 1478 impedimenta
1433 1430 1483 1467 ad
1503 1431 1522 1462 6

100 1508 139 1530 20
159 1492 378 1531 Labienum
417 1492 457 1530 in
496 1495 686 1531 Treveros
728 1493 843 1531 mittit
876 1494 1053 1543 duasque
1092 1494 1143 1532 ad
1181 1507 1272 1532 eum
1311 1493 1484 1543 legiones

158 1556 350 1607 proficisci
371 1557 504 1604 iubet3
537 1557 619 1607 ipse
650 1571 739 1596 cum
770 1557 988 1608 legionibus
1020 1557 1210 1608 expeditis
1241 1558 1415 1609 quinque
1445 1558 1483 1596 in

160 1620 367 1670 Menapios
389 1621 654 1670 proficiscitur.
716 1622 777 1659 Illi
810 1623 916 1660 nulla
945 1630 1082 1660 coacta
1113 1636 1243 1669 manu,
1274 1623 1349 1661 loci
1379 1637 1485 1673 prae·
1506 1634 1521 1664 7

158 1685 258 1724 sidio
290 1686 386 1732 freti,
420 1685 460 1723 in
488 1686 601 1725 silvas
629 1687 871 1737 paludesque
902 1687 1133 1738 confugiunt
1164 1702 1312 1738 suaque
1342 1689 1483 1727 eodem

157 1751 373 1788 conferunt.

100 1832 138 1863 25
212 1816 356 1853 Caesar
384 1815 532 1865 partitis
558 1815 681 1866 copiis
712 1829 801 1854 cum
830 1817 874 1856 C.
899 1816 1021 1855 Fabio
1046 1818 1174 1868 legato
1202 1825 1239 1856 et
1261 1819 1317 1856 M.
1342 1819 1483 1857 Crasso
1503 1823 1531 1860 6

158 1886 363 1928 quaestore
420 1879 672 1930 celeriterque
720 1880 866 1919 effectis
913 1881 1100 1931 pontibus
1148 1882 1230 1921 adit
1281 1883 1481 1933 tripertito,

157 1943 337 1981 aedificia
378 1943 564 1994 vicosque
607 1944 792 1992 incendit,
843 1959 986 1996 magno
1030 1947 1181 1996 pecoris
1214 1955 1333 1997 atque
1363 1948 1485 1987 homi-

158 2021 253 2045 num
274 2021 437 2046 numero
458 2009 612 2059 potitur.
659 2010 814 2059 Quibus
845 2012 960 2050 rebus
986 2011 1112 2050 coacti
1140 2012 1317 2062 Menapii
1337 2014 1484 2062 legatos
1506 2028 1520 2047 2

158 2074 210 2111 ad
248 2086 338 2111 eum
383 2073 489 2124 pacis
528 2076 721 2124 petendae
765 2090 882 2115 causa
927 2076 1095 2115 mittunt.
1169 2079 1240 2115 Ille
1279 2077 1483 2115 obsidibus
1505 2091 1521 2120 3

102 2156 142 2186 30
159 2137 330 2188 acceptis
368 2138 539 2177 hostium
573 2153 613 2178 se
651 2139 875 2179 habiturum
907 2155 1071 2180 numero
1102 2143 1318 2188 confirmat,
1354 2141 1385 2180 si
1418 2150 1485 2180 aut

160 2201 428 2252 Ambiorigem
449 2210 516 2241 aut
540 2203 622 2242 eius
649 2206 795 2255 legatos
820 2205 964 2244 finibus
992 2206 1070 2244 suis
1100 2206 1347 2256 recepissent.
1407 2206 1484 2244 His
1503 2222 1520 2250 4

159 2267 397 2305 confirmatis
419 2268 545 2315 rebus,
562 2269 790 2308 Commium
808 2270 1036 2309 Atrebatem
1058 2284 1148 2309 cum
1167 2271 1341 2321 equitatu
1360 2279 1484 2310 custo-

158 2331 219 2370 dis
235 2333 323 2370 loco
341 2332 378 2370 in
396 2333 592 2384 Menapiis
608 2334 790 2384 relinquit
806 2349 815 2381 3
843 2335 924 2385 ipse
946 2335 985 2373 in
1002 2337 1192 2375 Treveros
1214 2336 1481 2386 proficiscitur.

324 2445 361 2474 15
387 2436 566 2468 Germanis
582 2438 623 2471 B:
651 2437 838 2468 Germanos
855 2449 873 2467 α
978 2439 1019 2468 26
1043 2439 1112 2469 adit
1129 2440 1169 2473 B:
1194 2439 1276 2470 adiit
1291 2451 1311 2469 α
