1768 2739
426 112 500 149 DE
532 111 711 150 BELLO
741 111 986 149 GALLICO
1017 112 1118 148 LIB.
1152 111 1233 148 VII

169 232 210 263 ut
240 230 482 262 commutato
514 222 679 260 consilio
714 221 784 258 iter
819 221 858 257 in
890 219 1130 270 provinciam
1163 225 1416 265 converteret,
1449 226 1489 256 ut

169 303 217 328 ne
257 296 362 327 metu
397 287 557 337 quidem
592 285 812 324 necessario
846 284 1071 323 faciendum
1106 283 1363 330 existimabat,
1399 296 1489 321 curn

168 351 327 390 infamia
359 358 476 400 atque
505 348 713 399 indignitas
747 348 801 387 rei
835 356 873 387 et
911 349 1114 399 oppositus
1154 362 1268 387 mons
1302 351 1491 389 Cevenna

167 416 394 465 viarumque
447 413 652 453 difficultas
708 413 960 462 impediebat,
1010 421 1092 451 tum
1146 413 1313 452 maxime
1382 416 1490 464 quod

129 489 145 519 5
167 480 353 519 abiuncto
388 478 563 516 Labieno
600 484 719 527 atque
757 477 812 516 eis
845 477 1064 528 legionibus
1095 491 1191 527 quas
1225 491 1303 516 una
1336 478 1491 517 miserat

167 546 417 583 vehementer
454 542 626 581 timebat.
705 543 844 592 Itaque
884 543 1101 580 admodum
1145 542 1295 592 magnis
1343 543 1490 581 diurnis
1515 553 1531 583 3

165 607 444 658 nocturnisque
471 606 673 645 itineribus
700 607 888 645 confectis
909 614 1045 645 contra
1065 606 1242 645 omnium
1263 607 1490 657 opinionem

164 674 215 712 ad
255 672 432 723 Ligerem
466 671 580 717 venit,
622 672 803 721 vadoque
841 685 910 721 per
946 671 1096 721 equites
1130 671 1290 710 invento
1330 685 1400 722 pro
1439 672 1491 711 rei
1513 680 1532 709 4

165 736 395 775 necessitate
427 744 662 786 opportuno,
696 743 738 773 ut
771 735 954 774 bracchia
988 737 1109 774 modo
1140 744 1258 785 atque
1290 736 1412 775 umeri
1441 738 1491 775 ad

109 816 147 838 10
165 800 392 839 sustinenda
431 814 537 839 arma
575 799 685 839 liberi
726 800 776 838 ab
823 813 925 850 aqua
965 813 1049 839 esse
1088 808 1260 850 possent,
1301 801 1491 851 disposito

166 864 339 914 equitatu
364 864 430 914 qui
457 864 534 902 vim
562 864 732 903 fluminis
762 864 984 914 refringeret
1012 872 1129 914 atque
1161 865 1339 903 hostibus
1366 866 1492 916 primo

165 936 324 979 aspectu
366 929 598 979 perturbatis
643 929 882 968 incolumem
925 929 1136 967 exercitum
1175 930 1366 976 traduxit3
1420 932 1493 968 fru-
1514 943 1530 973 5

166 1000 422 1043 mentumque
451 993 490 1031 in
519 993 617 1043 agris
645 1000 683 1032 et
711 993 862 1043 pecoris
892 993 1047 1043 copiam
1074 1000 1223 1040 nactus,
1254 995 1402 1044 repleto
1433 994 1491 1032 his

166 1059 280 1096 rebus
301 1057 470 1096 exercitu
491 1057 561 1096 iter
580 1057 620 1095 in
641 1059 815 1096 Senones
836 1059 962 1096 facere
982 1057 1157 1096 instituit.

110 1137 145 1168 ¹5
222 1124 327 1160 Dum
355 1124 452 1161 haec
473 1123 578 1172 apud
603 1123 810 1161 Caesarem
832 1129 1028 1171 geruntur,
1053 1122 1250 1161 Labienus
1271 1136 1319 1161 eo
1340 1124 1492 1173 supple-
1512 1129 1560 1168 57

166 1194 311 1233 mento,
347 1187 455 1236 quod
479 1199 602 1236 nuper
631 1200 677 1225 ex
705 1186 818 1225 Italia
844 1193 1011 1233 venerat,
1045 1186 1179 1225 relicto
1214 1187 1417 1236 Agedinci,
1451 1196 1492 1226 ut

164 1258 266 1290 esset
294 1250 587 1301 impedimentis
617 1251 822 1301 praesidio,
847 1264 937 1289 curn
961 1263 1023 1289 1111
1046 1251 1265 1300 legionibus
1296 1252 1491 1291 Lutetiam

163 1314 428 1365 proficiscitur.
491 1315 538 1353 Id
559 1322 617 1353 est
636 1315 827 1365 oppidum
850 1315 1095 1362 Parisiorum,
1115 1317 1223 1365 quod
1242 1316 1413 1366 positum
1435 1325 1492 1355 est

163 1380 203 1417 in
234 1379 358 1417 insula
389 1378 561 1417 fluminis
596 1380 810 1429 Sequanae.
872 1379 994 1419 Cuius
1029 1381 1200 1418 adventu
1234 1381 1284 1418 ab
1314 1381 1491 1419 hostibus
1514 1395 1528 1415 2

112 1458 151 1481 20
163 1444 331 1493 cognito,
354 1457 518 1494 magnae
539 1457 585 1482 ex
612 1443 785 1482 finitimis
812 1443 1033 1483 civitatibus
1054 1444 1190 1494 copiae
1211 1454 1488 1484 convenerunt.

163 1509 325 1547 Summa
362 1508 501 1559 imperi
535 1508 697 1546 traditur
729 1510 1002 1558 Camulogeno
1041 1510 1222 1556 Aulerco,
1264 1510 1331 1559 qui
1369 1524 1490 1561 prope
1512 1525 1528 1553 3

162 1574 366 1611 confectus
397 1580 524 1612 aetate
563 1580 694 1611 tamen
729 1580 886 1623 propter
924 1573 1156 1623 singularem
1197 1574 1398 1612 scientiam
1437 1577 1489 1613 rei

163 1637 336 1675 militaris
378 1638 429 1675 ad
477 1650 566 1676 eum
605 1644 663 1675 est
702 1638 892 1676 honorem
932 1646 1126 1676 evocatus.
1206 1639 1244 1676 Is
1284 1651 1374 1676 cum
1413 1639 1528 1677 ani-4

163 1701 431 1740 madvertisset
477 1710 704 1752 perpetuam
749 1715 834 1740 esse
875 1703 1059 1752 paludem
1095 1715 1195 1752 quae
1233 1702 1410 1741 influeret
1451 1703 1489 1741 in

106 1780 142 1811 ²5
164 1767 385 1816 Sequanam
405 1773 523 1816 atque
544 1766 652 1804 illum
675 1779 835 1805 omnem
858 1768 989 1805 locum
1014 1779 1249 1817 magnopere
1271 1766 1487 1817 impediret,

163 1829 226 1868 hic
251 1830 429 1868 consedit
451 1838 683 1880 nostrosque
704 1831 866 1869 transitu
888 1830 1094 1881 prohibere
1115 1830 1288 1869 instituit.

218 1894 414 1933 Labienus
453 1894 579 1944 primo
627 1895 758 1933 vineas
805 1909 929 1946 agere,
972 1895 1140 1934 cratibus
1188 1903 1305 1945 atque
1352 1909 1489 1945 aggere
1508 1895 1558 1942 58

163 1959 347 2007 paludem
374 1959 528 2008 explere
557 1966 675 2008 atque
704 1959 775 1998 iter
805 1960 956 1998 munire
990 1961 1214 1998 conabatur.
1275 1961 1487 2009 Postquam
1511 1971 1524 1990 2

164 2022 203 2060 id
244 2022 436 2060 difficilius
477 2022 558 2061 fieri
599 2023 882 2071 animadvertit,
933 2024 1087 2063 silentio
1138 2038 1159 2062 e
1201 2023 1333 2062 castris
1379 2024 1488 2062 tertia

107 2100 146 2131 30
164 2085 291 2135 vigilia
326 2099 500 2135 egressus
542 2088 683 2125 eodem
723 2101 803 2137 quo
842 2096 998 2127 venerat
1040 2088 1176 2127 itinere
1222 2087 1486 2126 Metiosedum

163 2149 347 2200 pervenit.
426 2151 473 2188 Id
503 2158 560 2188 est
589 2151 778 2201 oppidum
809 2153 1020 2199 Senonum,
1051 2152 1089 2189 in
1124 2152 1249 2190 insula
1283 2154 1486 2202 Sequanae
1506 2161 1523 2191 3

212 2263 231 2282 2
256 2262 297 2282 ne
316 2255 405 2281 metu
423 2262 460 2281 a:
488 2260 584 2280 nemo
601 2254 678 2280 tunc
692 2251 715 2284 β
840 2260 882 2288 29
908 2250 978 2280 fieri
998 2249 1050 2281 D:
1077 2260 1150 2280 cum
1169 2251 1240 2280 fieri
1258 2249 1322 2283 B':
1347 2252 1483 2281 confieri

168 2295 237 2328 A‘fi
369 2303 410 2332 30
435 2294 654 2324 Metiosedum
677 2292 773 2324 TU2:
800 2292 1027 2323 Mellodunum
1045 2293 1137 2323 alst:
1163 2294 1374 2324 Melodunum
1400 2295 1440 2324 T²
