1768 2739
437 129 511 165 DE
542 126 721 165 BELLO
751 127 997 166 GALLICO
1028 128 1129 166 LIB.
1161 129 1242 166 VII

175 252 272 288 quas
302 252 391 277 cum
422 238 708 277 destinaverant
736 238 937 276 tormentis
964 238 1150 278 introrsus
1180 240 1435 286 reducebant,
1460 246 1497 277 et

173 316 353 353 aggerem
392 302 580 342 cuniculis
615 303 910 350 subtrahebant,
948 316 996 341 eo
1034 303 1219 342 scientius
1250 305 1358 354 quod
1389 305 1497 354 apud

174 381 241 406 eos
271 381 435 418 magnae
460 375 550 406 sunt
578 367 755 406 ferrariae
783 374 901 417 atque
927 380 1046 406 omne
1074 381 1196 418 genus
1226 368 1496 407 cuniculorum

174 440 311 471 notum
331 440 449 483 atque
469 432 654 471 usitatum
675 439 742 470 est.
802 433 949 470 Totum
976 439 1107 471 autem
1130 446 1284 471 murum
1315 446 1361 471 ex
1387 432 1495 471 omni
1519 443 1536 473 3

135 508 152 539 5
172 504 280 547 parte
309 496 476 535 turribus
506 497 853 535 contabulaverant
881 503 999 546 atque
1027 498 1095 535 has
1125 496 1239 535 coriis
1266 496 1491 535 intexerant.

172 563 275 599 Tum
307 560 450 599 crebris
481 560 629 599 diurnis
659 560 939 613 nocturnisque
969 560 1239 611 eruptionibus
1267 568 1335 599 aut
1367 560 1494 611 aggeri
1516 571 1536 603 4

170 625 300 676 ignem
338 625 556 664 inferebant
594 632 661 663 aut
701 625 841 664 milites
881 633 1094 676 occupatos
1129 626 1168 664 in
1200 638 1317 675 opere
1347 625 1496 664 adorie—

170 690 312 728 bantur
355 697 392 728 et
435 697 652 728 nostrarum
694 690 854 728 turrium
893 690 1153 737 altitudinem,
1191 697 1381 739 quantum
1426 691 1495 728 has

170 753 390 793 cotidianus
427 768 542 805 agger
580 763 832 805 expresserat,
869 754 1088 794 commissis
1136 768 1292 793 suarum
1332 754 1493 793 turrium

113 833 153 856 10
172 818 281 857 malis
310 820 586 868 adaequabant
615 826 653 858 et
685 827 840 870 apertos
871 819 1074 858 cuniculos
1108 826 1288 869 praeusta
1322 826 1359 857 et
1389 832 1493 869 prae·
1515 829 1532 859 5

169 891 284 922 acuta
312 884 472 923 materia
500 891 538 923 et
569 884 655 934 pice
688 886 895 923 fervefacta
924 892 962 923 et
992 883 1149 922 maximi
1179 884 1363 934 ponderis
1393 884 1492 922 saxis

170 949 421 987 morabantur
441 949 727 999 moenibusque
748 949 1061 999 appropinquare
1081 948 1353 999 prohibebant.

225 1014 329 1052 Muri
349 1022 480 1053 autem
501 1028 638 1053 omnes
660 1013 799 1053 Gallici
827 1015 901 1052 hac
924 1015 1003 1052 fere
1034 1014 1158 1052 forma
1183 1020 1283 1051 sunt.
1343 1013 1492 1051 Trabes
1513 1020 1564 1056 23

168 1077 338 1117 directae
372 1086 582 1130 perpetuae
614 1078 653 1116 in
688 1078 974 1128 longitudinem
1007 1077 1164 1128 paribus
1198 1076 1406 1115 intervallis
1438 1077 1493 1116 di-

112 1154 149 1187 15
168 1150 314 1182 stantes
352 1144 451 1183 inter
489 1158 531 1183 se
573 1144 686 1183 binos
725 1144 846 1194 pedes
886 1143 925 1181 in
968 1144 1052 1181 solo
1091 1143 1341 1180 collocantur.
1402 1143 1492 1181 Hae
1515 1159 1529 1179 2

167 1208 430 1247 revinciuntur
477 1209 663 1247 introrsus
711 1216 748 1246 et
797 1209 921 1246 multo
968 1220 1106 1257 aggere
1152 1206 1396 1253 vestiuntur3
1447 1221 1492 1245 ea

165 1279 297 1311 autem
329 1287 429 1323 quae
466 1273 634 1312 diximus
673 1273 873 1311 intervalla
909 1271 1121 1322 grandibus
1155 1271 1193 1309 in
1228 1272 1354 1309 fronte
1392 1270 1491 1309 saxis

165 1337 423 1376 effarciuntur.
484 1338 560 1376 His
590 1337 790 1377 collocatis
821 1344 858 1375 et
893 1335 1175 1386 coagmentatis
1205 1335 1303 1373 alius
1333 1335 1492 1385 insuper
1512 1349 1530 1379 3

165 1403 264 1441 ordo
302 1403 468 1450 additur,
510 1410 552 1441 ut
589 1402 694 1442 idem
734 1402 830 1441 illud
868 1401 1112 1440 intervallum
1153 1408 1324 1439 servetur
1361 1413 1491 1449 neque

106 1476 148 1499 20
165 1465 264 1505 inter
297 1480 338 1506 se
371 1467 600 1517 contingant
632 1467 760 1505 trabes
794 1467 863 1505 sed
897 1465 1054 1516 paribus
1085 1464 1327 1504 intermissae
1357 1464 1490 1515 spatiis

165 1530 339 1580 singulae
371 1531 530 1581 singulis
569 1531 668 1570 saxis
706 1529 914 1569 interiectis
952 1537 1032 1568 arte
1070 1529 1353 1568 contineantur.
1426 1528 1528 1570 Sic4

165 1594 351 1645 deinceps
381 1609 498 1634 omne
528 1609 627 1646 opus
657 1594 884 1641 contexitur,
921 1595 1017 1633 dum
1056 1593 1156 1632 iusta
1194 1593 1293 1631 muri
1322 1592 1488 1631 altitudo

165 1660 372 1709 expleatur.
451 1661 544 1698 Hoc
591 1673 681 1698 cum
730 1658 769 1696 in
817 1657 987 1709 speciem
1035 1657 1341 1707 varietatemque
1387 1670 1488 1707 opus
1508 1670 1526 1702 5

165 1724 341 1762 deforme
378 1737 458 1762 non
497 1731 564 1771 est,
606 1722 762 1762 alternis
803 1722 976 1761 trabibus
1014 1735 1060 1760 ac
1099 1721 1198 1760 saxis
1236 1735 1337 1772 quae
1374 1721 1488 1760 rectis

107 1799 145 1831 25
165 1788 276 1827 lineis
306 1801 397 1827 suos
426 1788 582 1827 ordines
621 1795 784 1835 servant,
825 1795 908 1826 tum
946 1788 998 1826 ad
1036 1786 1242 1825 utilitatem
1281 1793 1319 1825 et
1357 1787 1489 1825 defen-

164 1852 316 1891 sionem
355 1853 509 1891 urbium
549 1866 743 1891 summam
777 1852 895 1891 habet
934 1851 1278 1902 opportunitatem,
1311 1851 1419 1900 quod
1449 1858 1487 1890 et

163 1918 214 1956 ab
244 1917 427 1956 incendio
456 1917 552 1968 lapis
582 1925 620 1956 et
648 1918 700 1956 ab
727 1916 845 1955 ariete
874 1916 1035 1955 materia
1063 1915 1249 1963 defendit,
1276 1929 1376 1965 quae
1405 1929 1487 1966 per-

164 1982 290 2032 petuis
331 1982 505 2021 trabibus
552 1983 673 2032 pedes
711 1983 982 2032 quadragenos
1021 1982 1252 2032 plerumque
1298 1980 1485 2019 introrsus

162 2046 334 2085 revincta
356 2060 484 2096 neque
513 2046 710 2097 perrumpi
739 2059 868 2096 neque
896 2045 1056 2085 distrahi
1086 2052 1224 2095 potest.

104 2121 144 2151 30
218 2111 294 2150 His
324 2119 381 2150 tot
410 2112 525 2150 rebus
556 2111 744 2162 impedita
772 2110 1066 2161 oppugnatione
1096 2109 1247 2156 milites,
1279 2122 1370 2147 cum
1399 2116 1484 2147 toto
1504 2121 1556 2158 24

162 2184 339 2227 tempore
377 2176 516 2225 frigore
555 2183 593 2214 et
629 2175 795 2214 assiduis
836 2175 1026 2214 imbribus
1066 2175 1319 2220 tardarentur,
1352 2180 1483 2212 tamen

162 2240 379 2280 continenti
405 2240 538 2279 labore
567 2239 700 2278 omnia
728 2240 826 2278 haec
855 2245 1132 2290 superaverunt
1161 2245 1200 2276 et
1228 2237 1368 2276 diebus
1397 2249 1484 2276 xxv

347 2355 383 2383 14
408 2345 564 2377 derectae
581 2346 603 2379 β
740 2345 778 2374 16
801 2345 965 2375 introrsus
988 2343 1031 2374 T:
1057 2348 1233 2374 extrorsus
1249 2342 1310 2373 aU
