1706 2729
453 124 525 160 DE
558 122 736 159 BELLO
767 121 1012 159 GALLICO
1043 122 1144 159 LIB.
1179 123 1196 159 I

163 236 323 274 facultas
338 249 348 282 ,-
376 233 495 283 idque
524 239 658 270 natura
688 229 762 268 loci
793 231 846 267 sic
877 231 1123 269 muniebatur
1150 239 1190 269 ut
1225 244 1405 282 magnam
1432 233 1484 270 ad
1505 248 1525 276 4

161 301 388 339 ducendum
408 298 555 336 bellum
579 298 687 334 daret
711 296 944 342 facultatem,
968 303 1172 346 propterea
1197 298 1307 346 quod
1335 298 1483 335 flumen

163 363 290 402 Dubis
306 370 347 401 ut
363 361 506 401 circino
522 360 833 399 circumductum
849 372 974 410 paene
990 366 1115 397 totum
1132 361 1322 410 oppidum
1339 361 1458 411 cingit
1473 376 1484 408 ς

160 427 351 477 reliquum
372 424 549 476 spatium,
573 425 680 474 quod
707 431 765 462 est
794 436 874 461 non
901 423 1066 473 amplius
1094 425 1240 473 pedum
1271 436 1302 461 M
1333 437 1484 463 sescen-
1508 432 1524 462 5

122 494 138 524 5
159 499 296 538 torum,
320 503 397 541 qua
424 491 570 527 flumen
597 487 825 535 intermittit,
849 501 962 526 mons
990 487 1165 526 continet
1192 501 1331 538 magna
1357 488 1483 527 altitu-

158 555 259 601 dine,
283 554 335 592 ita
362 561 403 592 ut
430 552 578 592 radices
608 553 752 591 montis
779 566 825 591 ex
848 560 1011 602 utraque
1040 560 1148 602 parte
1176 551 1281 602 ripae
1311 552 1482 591 fluminis

157 618 394 668 contingant.
455 619 576 655 Hunc
604 630 736 655 murus
763 615 1025 655 circumdatus
1045 629 1174 654 arcem
1196 616 1312 654 efficit
1332 624 1370 654 et
1390 630 1481 654 cum
1507 621 1525 651 6

156 682 304 733 oppido
336 681 545 732 coniungit.
606 682 700 719 Huc
735 681 878 720 Caesar
909 680 1058 731 magnis
1090 679 1290 719 nocturnis
1320 680 1482 719 diurnis—
1509 692 1524 725 7

156 760 232 797 que
253 747 454 786 itineribus
475 745 688 792 contendit,
707 752 980 796 occupatoque
1001 744 1148 796 oppido
1168 744 1222 783 ibi
1242 744 1480 795 praesidium

99 825 138 846 10
155 813 331 850 collocat.

210 879 316 914 Dum
337 889 482 926 paucos
503 875 586 914 dies
613 876 664 914 ad
684 874 969 914 Vesontionem
996 875 1049 913 rei
1076 874 1349 913 frumentariae
1373 888 1478 913 com-
1501 880 1557 918 39

154 948 383 991 meatusque
404 953 520 979 causa
540 947 720 987 moratur,
744 954 790 978 ex
814 939 1109 990 percontatione
1136 946 1357 977 nostrorum
1378 940 1479 978 voci-

154 1006 306 1055 busque
336 1006 537 1043 Gallorum
566 1018 611 1043 ac
642 1013 912 1052 mercatorum,
936 1005 1002 1054 qui
1032 1004 1179 1054 ingenti
1210 1004 1479 1054 magnitudine

153 1082 360 1119 corporum
389 1071 616 1115 Germanos,
646 1069 863 1108 incredibili
891 1069 1030 1108 virtute
1059 1078 1177 1119 atque
1204 1069 1479 1108 exercitatione

99 1148 132 1177 15
153 1134 192 1171 in
212 1134 328 1171 armis
349 1147 433 1172 esse
453 1133 731 1183 praedicabant
754 1134 886 1183 (saepe
906 1147 1071 1172 numero
1093 1147 1177 1172 sese
1197 1147 1287 1172 cum
1309 1134 1368 1172 his
1389 1147 1480 1172 con-

152 1211 302 1248 gressos
327 1211 376 1235 ne
400 1199 549 1235 vultum
578 1197 737 1247 quidem
765 1205 882 1247 atque
911 1198 1035 1236 aciem
1063 1199 1268 1236 oculorum
1297 1198 1481 1236 dicebant

152 1264 248 1301 ferre
269 1262 470 1312 potuisse),
495 1269 624 1300 tantus
650 1262 780 1300 subito
801 1262 917 1300 timor
944 1275 1103 1300 omnem
1130 1262 1341 1300 exercitum
1369 1276 1483 1301 occu-

151 1326 255 1376 pavit
275 1334 317 1364 ut
337 1339 418 1364 non
449 1326 696 1364 mediocriter
720 1326 897 1364 omnium
920 1326 1061 1364 mentis
1087 1326 1319 1376 animosque
1341 1334 1485 1377 pertur-

150 1392 268 1429 baret.
331 1391 409 1429 Hic
431 1391 599 1441 primum
621 1398 728 1429 ortus
749 1398 807 1429 est
826 1404 849 1429 a
869 1391 1033 1429 tribunis
1064 1391 1241 1438 militum,
1267 1391 1481 1441 praefectis,
1508 1407 1522 1427 2

94 1470 132 1492 20
151 1456 385 1506 reliquisque
425 1455 491 1505 qui
530 1469 576 1494 ex
614 1456 710 1494 urbe
744 1455 938 1494 amicitiae
969 1468 1086 1493 causa
1122 1456 1330 1494 Caesarem
1363 1457 1485 1494 secuti

150 1533 229 1558 non
260 1533 444 1570 magnum
471 1520 512 1558 in
540 1534 580 1558 re
607 1520 761 1558 militari
788 1533 902 1558 usum
931 1520 1130 1558 habebant
1148 1535 1159 1568 ,-
1191 1533 1358 1570 quorum
1387 1520 1484 1559 alius
1506 1532 1522 1562 3,

149 1584 222 1622 alia
249 1598 365 1623 causa
390 1585 508 1623 inlata
538 1598 655 1634 quam
684 1585 757 1623 sibi
784 1586 835 1624 ad
862 1585 1191 1635 proficiscendum
1224 1585 1483 1624 necessariam

150 1662 233 1687 esse
268 1648 423 1696 diceret,
459 1650 617 1699 petebat
652 1657 693 1687 ut
732 1649 814 1687 eius
853 1650 1052 1687 voluntate
1087 1649 1289 1688 discedere
1327 1650 1484 1696 liceret,

149 1727 228 1752 non
250 1715 345 1751 nulli
368 1715 518 1764 pudore
550 1715 720 1762 adducti,
752 1723 793 1753 ut
825 1714 973 1753 timoris
1008 1714 1271 1764 suspicionem
1305 1715 1478 1763 vitarent,

92 1795 127 1825 25
148 1780 411 1817 remanebant.
485 1780 541 1817 Hi
576 1793 705 1829 neque
739 1781 888 1818 vultum
930 1781 1075 1829 fingere
1114 1793 1243 1829 neque
1282 1780 1518 1825 interdum4

148 1842 323 1881 lacrimas
354 1851 486 1882 tenere
515 1851 716 1894 poterant:
758 1844 881 1882 abditi
911 1844 951 1881 in
980 1844 1238 1882 tabernaculis
1269 1852 1335 1883 aut
1365 1858 1478 1882 suum

147 1907 268 1944 fatum
292 1909 555 1956 querebantur
574 1916 641 1946 aut
664 1922 753 1947 cum
777 1908 1029 1947 familiaribus
1053 1908 1131 1946 suis
1154 1921 1364 1947 commune
1384 1909 1480 1959 peri-

146 1972 277 2008 culum
300 1972 590 2011 miserabantur.
642 1976 771 2024 Vulgo
789 1974 879 2012 totis
896 1973 1028 2012 castris
1053 1980 1286 2012 testamenta
1302 1973 1480 2024 obsigna·
1499 1991 1515 2021 5

146 2035 295 2073 bantur.
371 2038 526 2075 Horum
554 2038 715 2076 vocibus
742 2052 787 2077 ac
815 2039 953 2078 timore
985 2038 1171 2089 paulatim
1202 2037 1317 2076 etiam
1346 2038 1381 2076 ei
1411 2039 1477 2088 qui

88 2115 126 2145 30
147 2113 330 2150 magnum
364 2102 402 2139 in
434 2103 566 2141 castris
597 2117 711 2142 usum
741 2105 949 2152 habebant,
976 2106 1116 2144 milites
1151 2103 1477 2153 centurionesque

145 2164 291 2214 quique
316 2166 504 2216 equitatui
532 2176 742 2217 praeerant,
766 2170 1100 2219 perturbabantur.
1165 2169 1244 2218 Qui
1274 2182 1314 2207 se
1344 2182 1389 2207 ex
1416 2169 1474 2207 his
1495 2173 1514 2205 6

144 2229 273 2268 minus
305 2231 462 2270 timidos
502 2232 709 2272 existimari
749 2236 943 2282 volebant,
978 2249 1057 2275 non
1090 2250 1130 2275 se
1168 2237 1320 2275 hostem
1354 2235 1473 2274 vereri

191 2344 203 2364 1
232 2334 371 2366 facultas
387 2334 433 2365 ed.
454 2345 493 2373 3:
520 2335 695 2367 difficultas
711 2336 748 2366 X
994 2348 1016 2377 3
1040 2337 1143 2368 Dubis
1162 2337 1327 2371 Valesius:
1353 2340 1470 2372 alduas

145 2377 244 2407 dubis
261 2376 298 2406 X
426 2389 442 2416 4
471 2388 493 2408 m
513 2384 746 2410 sescentorum
764 2379 928 2420 Napole'on
947 2381 1019 2413 III:
1045 2388 1276 2414 sescentorum
1294 2383 1331 2413 X
