<?xml version="1.0" encoding="UTF-8"?>
<!DOCTYPE html PUBLIC "-//W3C//DTD XHTML 1.0 Transitional//EN"
    "http://www.w3.org/TR/xhtml1/DTD/xhtml1-transitional.dtd">
<html xmlns="http://www.w3.org/1999/xhtml" xml:lang="en" lang="en">
 <head>
  <title>
</title>
<meta http-equiv="Content-Type" content="text/html;charset=utf-8" />
  <meta name='ocr-system' content='tesseract 3.04.00' />
  <meta name='ocr-capabilities' content='ocr_page ocr_carea ocr_par ocr_line ocrx_word'/>
</head>
<body>
  <div class='ocr_page' id='page_1' title='image "./commentariorumpa01caesuoft_0113.png"; bbox 0 0 1768 2739; ppageno 0'>
   <div class='ocr_carea' id='block_1_1' title="bbox 126 841 164 862">
    <p class='ocr_par' dir='ltr' id='par_1_1' title="bbox 126 841 164 862">
     <span class='ocr_line' id='line_1_1' title="bbox 126 841 164 862; baseline 0 0"><span class='ocrx_word' id='word_1_1' title='bbox 126 841 164 862; x_wconf 92' lang='lat'>10</span> 
     </span>
    </p>
   </div>
   <div class='ocr_carea' id='block_1_2' title="bbox 125 1490 163 1511">
    <p class='ocr_par' dir='ltr' id='par_1_2' title="bbox 125 1490 163 1511">
     <span class='ocr_line' id='line_1_2' title="bbox 125 1490 163 1511; baseline 0 0"><span class='ocrx_word' id='word_1_2' title='bbox 125 1490 163 1511; x_wconf 79' lang='lat'>20</span> 
     </span>
    </p>
   </div>
   <div class='ocr_carea' id='block_1_3' title="bbox 122 2138 161 2167">
    <p class='ocr_par' dir='ltr' id='par_1_3' title="bbox 122 2138 161 2167">
     <span class='ocr_line' id='line_1_3' title="bbox 122 2138 161 2167; baseline 0 -8"><span class='ocrx_word' id='word_1_3' title='bbox 122 2138 161 2167; x_wconf 75' lang='lat'>30</span> 
     </span>
    </p>
   </div>
   <div class='ocr_carea' id='block_1_4' title="bbox 464 131 1226 170">
    <p class='ocr_par' dir='ltr' id='par_1_4' title="bbox 464 131 1226 170">
     <span class='ocr_line' id='line_1_4' title="bbox 464 131 1226 170; baseline -0.005 0"><span class='ocrx_word' id='word_1_4' title='bbox 464 134 539 170; x_wconf 88' lang='lat' dir='ltr'>DE</span> <span class='ocrx_word' id='word_1_5' title='bbox 570 132 749 169; x_wconf 89' lang='lat' dir='ltr'>BELLO</span> <span class='ocrx_word' id='word_1_6' title='bbox 779 131 1024 169; x_wconf 88' lang='lat' dir='ltr'>GALLICO</span> <span class='ocrx_word' id='word_1_7' title='bbox 1056 132 1157 168; x_wconf 88' lang='lat' dir='ltr'>LIB.</span> <span class='ocrx_word' id='word_1_8' title='bbox 1189 131 1226 166; x_wconf 90' lang='lat' dir='ltr'>V</span> 
     </span>
    </p>
   </div>
   <div class='ocr_carea' id='block_1_5' title="bbox 181 239 1576 1779">
    <p class='ocr_par' dir='ltr' id='par_1_5' title="bbox 183 239 1544 421">
     <span class='ocr_line' id='line_1_5' title="bbox 183 239 1544 290; baseline 0 -10"><span class='ocrx_word' id='word_1_9' title='bbox 183 242 390 282; x_wconf 84' lang='lat' dir='ltr'>collocavit</span> <span class='ocrx_word' id='word_1_10' title='bbox 418 256 464 281; x_wconf 89' lang='lat' dir='ltr'>ac</span> <span class='ocrx_word' id='word_1_11' title='bbox 491 255 644 280; x_wconf 88' lang='lat' dir='ltr'>summa</span> <span class='ocrx_word' id='word_1_12' title='bbox 670 239 946 290; x_wconf 78' lang='lat' dir='ltr'>tranquillitate</span> <span class='ocrx_word' id='word_1_13' title='bbox 973 248 1196 286; x_wconf 86' lang='lat' dir='ltr'>consecuta,</span> <span class='ocrx_word' id='word_1_14' title='bbox 1219 241 1393 279; x_wconf 89' lang='lat' dir='ltr'>secunda</span> <span class='ocrx_word' id='word_1_15' title='bbox 1413 240 1507 278; x_wconf 83' lang='lat' dir='ltr'>inita</span> <span class='ocrx_word' id='word_1_16' title='bbox 1526 250 1544 280; x_wconf 90' lang='lat'><strong>6</strong></span> 
     </span>
     <span class='ocr_line' id='line_1_6' title="bbox 183 305 1507 356; baseline -0.002 -10"><span class='ocrx_word' id='word_1_17' title='bbox 183 322 274 347; x_wconf 89' lang='lat' dir='ltr'>cum</span> <span class='ocrx_word' id='word_1_18' title='bbox 309 308 487 347; x_wconf 77' lang='lat' dir='ltr'>solvisset</span> <span class='ocrx_word' id='word_1_19' title='bbox 516 306 654 356; x_wconf 88' lang='lat' dir='ltr'>vigilia,</span> <span class='ocrx_word' id='word_1_20' title='bbox 692 305 816 355; x_wconf 88' lang='lat' dir='ltr'>prima</span> <span class='ocrx_word' id='word_1_21' title='bbox 846 306 933 344; x_wconf 89' lang='lat' dir='ltr'>luce</span> <span class='ocrx_word' id='word_1_22' title='bbox 965 312 1105 343; x_wconf 91' lang='lat' dir='ltr'>terram</span> <span class='ocrx_word' id='word_1_23' title='bbox 1144 305 1268 355; x_wconf 82' lang='lat' dir='ltr'>attigit</span> <span class='ocrx_word' id='word_1_24' title='bbox 1299 305 1507 355; x_wconf 86' lang='lat' dir='ltr'>omnisque</span> 
     </span>
     <span class='ocr_line' id='line_1_7' title="bbox 183 371 743 421; baseline -0.002 -12"><span class='ocrx_word' id='word_1_25' title='bbox 183 373 390 412; x_wconf 88' lang='lat' dir='ltr'>incolumis</span> <span class='ocrx_word' id='word_1_26' title='bbox 419 372 526 410; x_wconf 88' lang='lat' dir='ltr'>navis</span> <span class='ocrx_word' id='word_1_27' title='bbox 555 371 743 421; x_wconf 86' lang='lat' dir='ltr'>perduxit.</span> 
     </span>
    </p>

    <p class='ocr_par' dir='ltr' id='par_1_6' title="bbox 181 436 1576 1779">
     <span class='ocr_line' id='line_1_8' title="bbox 237 436 1576 486; baseline -0.002 -11"><span class='ocrx_word' id='word_1_28' title='bbox 237 437 448 476; x_wconf 83' lang='lat' dir='ltr'>Subductis</span> <span class='ocrx_word' id='word_1_29' title='bbox 478 436 653 483; x_wconf 86' lang='lat' dir='ltr'>navibus,</span> <span class='ocrx_word' id='word_1_30' title='bbox 685 436 933 486; x_wconf 83' lang='lat' dir='ltr'>concilioque</span> <span class='ocrx_word' id='word_1_31' title='bbox 973 437 1175 474; x_wconf 77' lang='lat' dir='ltr'>Gallorum</span> <span class='ocrx_word' id='word_1_32' title='bbox 1212 436 1506 473; x_wconf 83' lang='lat' dir='ltr'>Samarobrivae</span> <span class='ocrx_word' id='word_1_33' title='bbox 1525 445 1576 482; x_wconf 87' lang='lat'>24</span> 
     </span>
     <span class='ocr_line' id='line_1_9' title="bbox 183 499 1503 551; baseline -0.003 -11"><span class='ocrx_word' id='word_1_34' title='bbox 183 509 349 551; x_wconf 87' lang='lat' dir='ltr'>peracto,</span> <span class='ocrx_word' id='word_1_35' title='bbox 374 502 482 550; x_wconf 91' lang='lat' dir='ltr'>quod</span> <span class='ocrx_word' id='word_1_36' title='bbox 513 514 560 539; x_wconf 91' lang='lat' dir='ltr'>eo</span> <span class='ocrx_word' id='word_1_37' title='bbox 588 514 694 538; x_wconf 88' lang='lat' dir='ltr'>anno</span> <span class='ocrx_word' id='word_1_38' title='bbox 714 502 953 538; x_wconf 87' lang='lat' dir='ltr'>frumentum</span> <span class='ocrx_word' id='word_1_39' title='bbox 984 501 1022 537; x_wconf 87' lang='lat' dir='ltr'>in</span> <span class='ocrx_word' id='word_1_40' title='bbox 1054 500 1181 538; x_wconf 76' lang='lat' dir='ltr'>Gallia</span> <span class='ocrx_word' id='word_1_41' title='bbox 1210 508 1367 549; x_wconf 90' lang='lat' dir='ltr'>propter</span> <span class='ocrx_word' id='word_1_42' title='bbox 1397 499 1503 537; x_wconf 88' lang='lat' dir='ltr'>sicci-</span> 
     </span>
     <span class='ocr_line' id='line_1_10' title="bbox 184 564 1508 615; baseline -0.002 -11"><span class='ocrx_word' id='word_1_43' title='bbox 184 573 280 605; x_wconf 80' lang='lat' dir='ltr'>tates</span> <span class='ocrx_word' id='word_1_44' title='bbox 299 565 499 615; x_wconf 87' lang='lat' dir='ltr'>angustius</span> <span class='ocrx_word' id='word_1_45' title='bbox 520 573 760 615; x_wconf 72' lang='lat' dir='ltr'>provenerat,</span> <span class='ocrx_word' id='word_1_46' title='bbox 784 572 942 603; x_wconf 88' lang='lat' dir='ltr'>coactus</span> <span class='ocrx_word' id='word_1_47' title='bbox 966 572 1024 603; x_wconf 88' lang='lat' dir='ltr'>est</span> <span class='ocrx_word' id='word_1_48' title='bbox 1050 564 1160 602; x_wconf 88' lang='lat' dir='ltr'>aliter</span> <span class='ocrx_word' id='word_1_49' title='bbox 1178 578 1224 602; x_wconf 89' lang='lat' dir='ltr'>ac</span> <span class='ocrx_word' id='word_1_50' title='bbox 1245 564 1508 613; x_wconf 85' lang='lat' dir='ltr'>superioribus</span> 
     </span>
     <span class='ocr_line' id='line_1_11' title="bbox 181 629 1507 679; baseline -0.002 -11"><span class='ocrx_word' id='word_1_51' title='bbox 181 631 293 668; x_wconf 78' lang='lat' dir='ltr'>annis</span> <span class='ocrx_word' id='word_1_52' title='bbox 315 631 525 669; x_wconf 84' lang='lat' dir='ltr'>exercitum</span> <span class='ocrx_word' id='word_1_53' title='bbox 555 631 594 668; x_wconf 93' lang='lat' dir='ltr'>in</span> <span class='ocrx_word' id='word_1_54' title='bbox 625 630 797 669; x_wconf 87' lang='lat' dir='ltr'>hibernis</span> <span class='ocrx_word' id='word_1_55' title='bbox 825 632 1028 677; x_wconf 89' lang='lat' dir='ltr'>collocare,</span> <span class='ocrx_word' id='word_1_56' title='bbox 1053 630 1306 679; x_wconf 83' lang='lat' dir='ltr'>legionesque</span> <span class='ocrx_word' id='word_1_57' title='bbox 1327 629 1365 667; x_wconf 92' lang='lat' dir='ltr'>in</span> <span class='ocrx_word' id='word_1_58' title='bbox 1388 629 1507 679; x_wconf 79' lang='lat' dir='ltr'>pluris</span> 
     </span>
     <span class='ocr_line' id='line_1_12' title="bbox 182 694 1542 744; baseline -0.002 -12"><span class='ocrx_word' id='word_1_59' title='bbox 182 695 356 733; x_wconf 86' lang='lat' dir='ltr'>civitates</span> <span class='ocrx_word' id='word_1_60' title='bbox 372 695 613 733; x_wconf 84' lang='lat' dir='ltr'>distribuere.</span> <span class='ocrx_word' id='word_1_61' title='bbox 667 697 725 733; x_wconf 78' lang='lat' dir='ltr'>Ex</span> <span class='ocrx_word' id='word_1_62' title='bbox 741 695 884 744; x_wconf 87' lang='lat' dir='ltr'>quibus</span> <span class='ocrx_word' id='word_1_63' title='bbox 897 708 1016 733; x_wconf 87' lang='lat' dir='ltr'>unam</span> <span class='ocrx_word' id='word_1_64' title='bbox 1031 694 1069 731; x_wconf 91' lang='lat' dir='ltr'>in</span> <span class='ocrx_word' id='word_1_65' title='bbox 1087 694 1265 732; x_wconf 85' lang='lat' dir='ltr'>Morinos</span> <span class='ocrx_word' id='word_1_66' title='bbox 1281 695 1505 733; x_wconf 80' lang='lat' dir='ltr'>ducendam</span> <span class='ocrx_word' id='word_1_67' title='bbox 1529 708 1542 728; x_wconf 89' lang='lat'>2</span> 
     </span>
     <span class='ocr_line' id='line_1_13' title="bbox 183 759 1503 810; baseline -0.002 -12"><span class='ocrx_word' id='word_1_68' title='bbox 183 760 225 798; x_wconf 86' lang='lat' dir='ltr'>C.</span> <span class='ocrx_word' id='word_1_69' title='bbox 262 759 384 798; x_wconf 88' lang='lat' dir='ltr'>Fabio</span> <span class='ocrx_word' id='word_1_70' title='bbox 423 761 550 810; x_wconf 84' lang='lat' dir='ltr'>legato</span> <span class='ocrx_word' id='word_1_71' title='bbox 588 760 711 806; x_wconf 82' lang='lat' dir='ltr'>dedit,</span> <span class='ocrx_word' id='word_1_72' title='bbox 746 762 907 798; x_wconf 89' lang='lat' dir='ltr'>alteram</span> <span class='ocrx_word' id='word_1_73' title='bbox 946 760 985 797; x_wconf 92' lang='lat' dir='ltr'>in</span> <span class='ocrx_word' id='word_1_74' title='bbox 1021 759 1186 798; x_wconf 87' lang='lat' dir='ltr'>Nervios</span> <span class='ocrx_word' id='word_1_75' title='bbox 1227 761 1274 808; x_wconf 85' lang='lat' dir='ltr'>Q.</span> <span class='ocrx_word' id='word_1_76' title='bbox 1311 759 1503 805; x_wconf 82' lang='lat' dir='ltr'>Ciceroni,</span> 
     </span>
     <span class='ocr_line' id='line_1_14' title="bbox 183 823 1502 874; baseline 0 -13"><span class='ocrx_word' id='word_1_77' title='bbox 183 823 333 862; x_wconf 81' lang='lat' dir='ltr'>tertiam</span> <span class='ocrx_word' id='word_1_78' title='bbox 374 824 412 861; x_wconf 93' lang='lat' dir='ltr'>in</span> <span class='ocrx_word' id='word_1_79' title='bbox 455 824 624 862; x_wconf 86' lang='lat' dir='ltr'>Esubios</span> <span class='ocrx_word' id='word_1_80' title='bbox 658 826 699 862; x_wconf 91' lang='lat' dir='ltr'>L.</span> <span class='ocrx_word' id='word_1_81' title='bbox 738 825 911 871; x_wconf 80' lang='lat' dir='ltr'>Roscio3</span> <span class='ocrx_word' id='word_1_82' title='bbox 953 832 1130 874; x_wconf 80' lang='lat' dir='ltr'>quartam</span> <span class='ocrx_word' id='word_1_83' title='bbox 1163 824 1202 861; x_wconf 89' lang='lat' dir='ltr'>in</span> <span class='ocrx_word' id='word_1_84' title='bbox 1244 824 1380 862; x_wconf 86' lang='lat' dir='ltr'>Remis</span> <span class='ocrx_word' id='word_1_85' title='bbox 1415 838 1502 862; x_wconf 86' lang='lat' dir='ltr'>cum</span> 
     </span>
     <span class='ocr_line' id='line_1_15' title="bbox 182 889 1544 930; baseline 0 -4"><span class='ocrx_word' id='word_1_86' title='bbox 182 890 227 926; x_wconf 92' lang='lat' dir='ltr'>T.</span> <span class='ocrx_word' id='word_1_87' title='bbox 262 889 438 927; x_wconf 89' lang='lat' dir='ltr'>Labieno</span> <span class='ocrx_word' id='word_1_88' title='bbox 468 889 507 927; x_wconf 91' lang='lat' dir='ltr'>in</span> <span class='ocrx_word' id='word_1_89' title='bbox 538 889 712 928; x_wconf 90' lang='lat' dir='ltr'>confinio</span> <span class='ocrx_word' id='word_1_90' title='bbox 743 892 1002 929; x_wconf 88' lang='lat' dir='ltr'>Treverorum</span> <span class='ocrx_word' id='word_1_91' title='bbox 1036 889 1208 928; x_wconf 88' lang='lat' dir='ltr'>hiemare</span> <span class='ocrx_word' id='word_1_92' title='bbox 1239 889 1358 927; x_wconf 84' lang='lat' dir='ltr'>iussit.</span> <span class='ocrx_word' id='word_1_93' title='bbox 1418 889 1505 927; x_wconf 84' lang='lat' dir='ltr'>Tris</span> <span class='ocrx_word' id='word_1_94' title='bbox 1527 901 1544 930; x_wconf 77' lang='grc'>3</span> 
     </span>
     <span class='ocr_line' id='line_1_16' title="bbox 183 953 1505 1004; baseline 0.001 -14"><span class='ocrx_word' id='word_1_95' title='bbox 183 953 221 991; x_wconf 88' lang='lat' dir='ltr'>in</span> <span class='ocrx_word' id='word_1_96' title='bbox 262 954 443 1004; x_wconf 78' lang='lat' dir='ltr'>†Belgis†</span> <span class='ocrx_word' id='word_1_97' title='bbox 481 954 712 992; x_wconf 90' lang='lat' dir='ltr'>collocavit:</span> <span class='ocrx_word' id='word_1_98' title='bbox 761 955 816 993; x_wconf 87' lang='lat' dir='ltr'>eis</span> <span class='ocrx_word' id='word_1_99' title='bbox 857 957 912 993; x_wconf 89' lang='lat' dir='ltr'>M.</span> <span class='ocrx_word' id='word_1_100' title='bbox 955 956 1140 994; x_wconf 88' lang='lat' dir='ltr'>Crassum</span> <span class='ocrx_word' id='word_1_101' title='bbox 1179 962 1427 1004; x_wconf 83' lang='lat' dir='ltr'>quaestorem</span> <span class='ocrx_word' id='word_1_102' title='bbox 1467 961 1505 992; x_wconf 85' lang='lat' dir='ltr'>et</span> 
     </span>
     <span class='ocr_line' id='line_1_17' title="bbox 184 1018 1505 1069; baseline 0.001 -14"><span class='ocrx_word' id='word_1_103' title='bbox 184 1019 224 1055; x_wconf 92' lang='lat' dir='ltr'>L.</span> <span class='ocrx_word' id='word_1_104' title='bbox 270 1018 494 1056; x_wconf 86' lang='lat' dir='ltr'>Munatium</span> <span class='ocrx_word' id='word_1_105' title='bbox 535 1020 724 1057; x_wconf 83' lang='lat' dir='ltr'>Plancum</span> <span class='ocrx_word' id='word_1_106' title='bbox 763 1027 802 1057; x_wconf 89' lang='lat' dir='ltr'>et</span> <span class='ocrx_word' id='word_1_107' title='bbox 841 1020 884 1059; x_wconf 89' lang='lat' dir='ltr'>C.</span> <span class='ocrx_word' id='word_1_108' title='bbox 926 1019 1172 1057; x_wconf 88' lang='lat' dir='ltr'>Trebonium</span> <span class='ocrx_word' id='word_1_109' title='bbox 1211 1020 1357 1069; x_wconf 85' lang='lat' dir='ltr'>legatos</span> <span class='ocrx_word' id='word_1_110' title='bbox 1400 1032 1505 1068; x_wconf 78' lang='lat' dir='ltr'>prae--</span> 
     </span>
     <span class='ocr_line' id='line_1_18' title="bbox 183 1082 1544 1133; baseline 0.001 -14"><span class='ocrx_word' id='word_1_111' title='bbox 183 1082 284 1120; x_wconf 84' lang='lat' dir='ltr'>fecit.</span> <span class='ocrx_word' id='word_1_112' title='bbox 345 1085 477 1122; x_wconf 88' lang='lat' dir='ltr'>Unam</span> <span class='ocrx_word' id='word_1_113' title='bbox 508 1083 713 1133; x_wconf 83' lang='lat' dir='ltr'>legionem,</span> <span class='ocrx_word' id='word_1_114' title='bbox 743 1097 862 1133; x_wconf 85' lang='lat' dir='ltr'>quam</span> <span class='ocrx_word' id='word_1_115' title='bbox 894 1083 1067 1132; x_wconf 86' lang='lat' dir='ltr'>proxime</span> <span class='ocrx_word' id='word_1_116' title='bbox 1098 1091 1202 1121; x_wconf 86' lang='lat' dir='ltr'>trans</span> <span class='ocrx_word' id='word_1_117' title='bbox 1233 1084 1385 1121; x_wconf 89' lang='lat' dir='ltr'>Padum</span> <span class='ocrx_word' id='word_1_118' title='bbox 1415 1097 1505 1120; x_wconf 79' lang='lat' dir='ltr'>con-</span> <span class='ocrx_word' id='word_1_119' title='bbox 1524 1095 1544 1124; x_wconf 75' lang='lat'><strong>4</strong></span> 
     </span>
     <span class='ocr_line' id='line_1_19' title="bbox 183 1148 1507 1198; baseline 0 -13"><span class='ocrx_word' id='word_1_120' title='bbox 183 1148 396 1197; x_wconf 78' lang='lat' dir='ltr'>scripserat,</span> <span class='ocrx_word' id='word_1_121' title='bbox 420 1156 457 1186; x_wconf 88' lang='lat' dir='ltr'>et</span> <span class='ocrx_word' id='word_1_122' title='bbox 484 1148 655 1187; x_wconf 84' lang='lat' dir='ltr'>cohortis</span> <span class='ocrx_word' id='word_1_123' title='bbox 677 1148 760 1185; x_wconf 89' lang='lat' dir='ltr'>vin</span> <span class='ocrx_word' id='word_1_124' title='bbox 787 1149 1005 1195; x_wconf 83' lang='lat' dir='ltr'>Eburones,</span> <span class='ocrx_word' id='word_1_125' title='bbox 1031 1162 1199 1198; x_wconf 91' lang='lat' dir='ltr'>quorum</span> <span class='ocrx_word' id='word_1_126' title='bbox 1224 1162 1311 1197; x_wconf 88' lang='lat' dir='ltr'>pars</span> <span class='ocrx_word' id='word_1_127' title='bbox 1339 1148 1507 1186; x_wconf 75' lang='lat' dir='ltr'>maxima</span> 
     </span>
     <span class='ocr_line' id='line_1_20' title="bbox 182 1212 1505 1263; baseline 0.001 -14"><span class='ocrx_word' id='word_1_128' title='bbox 182 1220 240 1249; x_wconf 89' lang='lat' dir='ltr'>est</span> <span class='ocrx_word' id='word_1_129' title='bbox 268 1212 366 1250; x_wconf 89' lang='lat' dir='ltr'>inter</span> <span class='ocrx_word' id='word_1_130' title='bbox 398 1215 553 1251; x_wconf 83' lang='lat' dir='ltr'>Mosam</span> <span class='ocrx_word' id='word_1_131' title='bbox 578 1226 624 1251; x_wconf 86' lang='lat' dir='ltr'>ac</span> <span class='ocrx_word' id='word_1_132' title='bbox 656 1214 854 1259; x_wconf 82' lang='lat' dir='ltr'>Rhenum,</span> <span class='ocrx_word' id='word_1_133' title='bbox 882 1213 949 1263; x_wconf 91' lang='lat' dir='ltr'>qui</span> <span class='ocrx_word' id='word_1_134' title='bbox 977 1213 1049 1251; x_wconf 85' lang='lat' dir='ltr'>sub</span> <span class='ocrx_word' id='word_1_135' title='bbox 1077 1212 1241 1262; x_wconf 87' lang='lat' dir='ltr'>imperio</span> <span class='ocrx_word' id='word_1_136' title='bbox 1268 1212 1505 1262; x_wconf 82' lang='lat' dir='ltr'>Ambiorigis</span> 
     </span>
     <span class='ocr_line' id='line_1_21' title="bbox 182 1277 1542 1325; baseline 0.001 -11"><span class='ocrx_word' id='word_1_137' title='bbox 182 1284 219 1314; x_wconf 88' lang='lat' dir='ltr'>ct</span> <span class='ocrx_word' id='word_1_138' title='bbox 264 1277 469 1316; x_wconf 79' lang='lat' dir='ltr'>Catuvolci</span> <span class='ocrx_word' id='word_1_139' title='bbox 517 1286 636 1324; x_wconf 84' lang='lat' dir='ltr'>erant,</span> <span class='ocrx_word' id='word_1_140' title='bbox 680 1277 792 1315; x_wconf 81' lang='lat' dir='ltr'>misit.</span> <span class='ocrx_word' id='word_1_141' title='bbox 864 1277 930 1315; x_wconf 86' lang='lat' dir='ltr'>Eis</span> <span class='ocrx_word' id='word_1_142' title='bbox 980 1277 1166 1315; x_wconf 88' lang='lat' dir='ltr'>militibus</span> <span class='ocrx_word' id='word_1_143' title='bbox 1211 1279 1258 1325; x_wconf 86' lang='lat' dir='ltr'>Q.</span> <span class='ocrx_word' id='word_1_144' title='bbox 1310 1277 1542 1322; x_wconf 84' lang='lat' dir='ltr'>Titurium5</span> 
     </span>
     <span class='ocr_line' id='line_1_22' title="bbox 182 1341 1505 1392; baseline 0.001 -13"><span class='ocrx_word' id='word_1_145' title='bbox 182 1341 372 1380; x_wconf 70' lang='lat' dir='ltr'>Sabinum</span> <span class='ocrx_word' id='word_1_146' title='bbox 413 1350 451 1380; x_wconf 88' lang='lat' dir='ltr'>et</span> <span class='ocrx_word' id='word_1_147' title='bbox 494 1345 534 1380; x_wconf 88' lang='lat' dir='ltr'>L.</span> <span class='ocrx_word' id='word_1_148' title='bbox 578 1342 888 1380; x_wconf 85' lang='lat' dir='ltr'>Aurunculeium</span> <span class='ocrx_word' id='word_1_149' title='bbox 934 1344 1092 1381; x_wconf 87' lang='lat' dir='ltr'>Cottam</span> <span class='ocrx_word' id='word_1_150' title='bbox 1136 1344 1283 1392; x_wconf 87' lang='lat' dir='ltr'>legatos</span> <span class='ocrx_word' id='word_1_151' title='bbox 1326 1356 1505 1392; x_wconf 79' lang='lat' dir='ltr'>praeesse</span> 
     </span>
     <span class='ocr_line' id='line_1_23' title="bbox 182 1405 1544 1456; baseline 0.001 -13"><span class='ocrx_word' id='word_1_152' title='bbox 182 1405 301 1443; x_wconf 90' lang='lat' dir='ltr'>iussit.</span> <span class='ocrx_word' id='word_1_153' title='bbox 376 1408 439 1445; x_wconf 86' lang='lat' dir='ltr'>Ad</span> <span class='ocrx_word' id='word_1_154' title='bbox 475 1408 580 1444; x_wconf 91' lang='lat' dir='ltr'>hunc</span> <span class='ocrx_word' id='word_1_155' title='bbox 613 1407 776 1444; x_wconf 90' lang='lat' dir='ltr'>modum</span> <span class='ocrx_word' id='word_1_156' title='bbox 811 1406 1027 1444; x_wconf 87' lang='lat' dir='ltr'>distributis</span> <span class='ocrx_word' id='word_1_157' title='bbox 1060 1405 1289 1456; x_wconf 86' lang='lat' dir='ltr'>legionibus,</span> <span class='ocrx_word' id='word_1_158' title='bbox 1323 1406 1505 1444; x_wconf 88' lang='lat' dir='ltr'>facillime</span> <span class='ocrx_word' id='word_1_159' title='bbox 1525 1412 1544 1443; x_wconf 89' lang='lat'><strong>6</strong></span> 
     </span>
     <span class='ocr_line' id='line_1_24' title="bbox 182 1470 1543 1521; baseline 0.001 -13"><span class='ocrx_word' id='word_1_160' title='bbox 182 1470 337 1519; x_wconf 87' lang='lat' dir='ltr'>inopiae</span> <span class='ocrx_word' id='word_1_161' title='bbox 357 1471 632 1509; x_wconf 87' lang='lat' dir='ltr'>frumentariae</span> <span class='ocrx_word' id='word_1_162' title='bbox 652 1484 737 1509; x_wconf 88' lang='lat' dir='ltr'>sese</span> <span class='ocrx_word' id='word_1_163' title='bbox 758 1471 905 1509; x_wconf 89' lang='lat' dir='ltr'>mederi</span> <span class='ocrx_word' id='word_1_164' title='bbox 933 1484 1049 1520; x_wconf 89' lang='lat' dir='ltr'>posse</span> <span class='ocrx_word' id='word_1_165' title='bbox 1070 1471 1312 1509; x_wconf 86' lang='lat' dir='ltr'>existimavit.</span> <span class='ocrx_word' id='word_1_166' title='bbox 1372 1473 1504 1521; x_wconf 83' lang='lat' dir='ltr'>Atque</span> <span class='ocrx_word' id='word_1_167' title='bbox 1528 1484 1543 1517; x_wconf 86' lang='lat'>7</span> 
     </span>
     <span class='ocr_line' id='line_1_25' title="bbox 182 1534 1503 1585; baseline 0.001 -13"><span class='ocrx_word' id='word_1_168' title='bbox 182 1536 319 1573; x_wconf 90' lang='lat' dir='ltr'>harum</span> <span class='ocrx_word' id='word_1_169' title='bbox 363 1543 495 1573; x_wconf 90' lang='lat' dir='ltr'>tamen</span> <span class='ocrx_word' id='word_1_170' title='bbox 537 1535 713 1574; x_wconf 89' lang='lat' dir='ltr'>omnium</span> <span class='ocrx_word' id='word_1_171' title='bbox 758 1534 957 1584; x_wconf 89' lang='lat' dir='ltr'>legionum</span> <span class='ocrx_word' id='word_1_172' title='bbox 1006 1535 1180 1581; x_wconf 89' lang='lat' dir='ltr'>hiberna,</span> <span class='ocrx_word' id='word_1_173' title='bbox 1225 1543 1375 1585; x_wconf 87' lang='lat' dir='ltr'>praeter</span> <span class='ocrx_word' id='word_1_174' title='bbox 1417 1550 1503 1574; x_wconf 87' lang='lat' dir='ltr'>eam</span> 
     </span>
     <span class='ocr_line' id='line_1_26' title="bbox 181 1599 1503 1650; baseline 0.002 -14"><span class='ocrx_word' id='word_1_175' title='bbox 181 1613 299 1649; x_wconf 89' lang='lat' dir='ltr'>quam</span> <span class='ocrx_word' id='word_1_176' title='bbox 332 1601 372 1637; x_wconf 90' lang='lat' dir='ltr'>L.</span> <span class='ocrx_word' id='word_1_177' title='bbox 408 1600 554 1638; x_wconf 88' lang='lat' dir='ltr'>Roscio</span> <span class='ocrx_word' id='word_1_178' title='bbox 584 1600 623 1637; x_wconf 91' lang='lat' dir='ltr'>in</span> <span class='ocrx_word' id='word_1_179' title='bbox 654 1599 943 1649; x_wconf 84' lang='lat' dir='ltr'>pacatissimam</span> <span class='ocrx_word' id='word_1_180' title='bbox 974 1608 1011 1638; x_wconf 91' lang='lat' dir='ltr'>et</span> <span class='ocrx_word' id='word_1_181' title='bbox 1041 1600 1324 1649; x_wconf 85' lang='lat' dir='ltr'>quietissimam</span> <span class='ocrx_word' id='word_1_182' title='bbox 1354 1609 1503 1650; x_wconf 78' lang='lat' dir='ltr'>partem</span> 
     </span>
     <span class='ocr_line' id='line_1_27' title="bbox 181 1664 1500 1713; baseline 0.002 -11"><span class='ocrx_word' id='word_1_183' title='bbox 181 1665 406 1703; x_wconf 87' lang='lat' dir='ltr'>ducendam</span> <span class='ocrx_word' id='word_1_184' title='bbox 426 1666 598 1711; x_wconf 81' lang='lat' dir='ltr'>dederat,</span> <span class='ocrx_word' id='word_1_185' title='bbox 622 1664 778 1702; x_wconf 92' lang='lat' dir='ltr'>milibus</span> <span class='ocrx_word' id='word_1_186' title='bbox 800 1678 986 1713; x_wconf 86' lang='lat' dir='ltr'>passuum</span> <span class='ocrx_word' id='word_1_187' title='bbox 1008 1672 1166 1702; x_wconf 90' lang='lat' dir='ltr'>centum</span> <span class='ocrx_word' id='word_1_188' title='bbox 1189 1666 1500 1704; x_wconf 87' lang='lat' dir='ltr'>continebantur.</span> 
     </span>
     <span class='ocr_line' id='line_1_28' title="bbox 183 1728 1540 1779; baseline 0.002 -14"><span class='ocrx_word' id='word_1_189' title='bbox 183 1729 273 1777; x_wconf 84' lang='lat' dir='ltr'>Ipse</span> <span class='ocrx_word' id='word_1_190' title='bbox 302 1728 458 1775; x_wconf 87' lang='lat' dir='ltr'>interea,</span> <span class='ocrx_word' id='word_1_191' title='bbox 483 1730 615 1778; x_wconf 87' lang='lat' dir='ltr'>quoad</span> <span class='ocrx_word' id='word_1_192' title='bbox 643 1728 816 1778; x_wconf 88' lang='lat' dir='ltr'>legiones</span> <span class='ocrx_word' id='word_1_193' title='bbox 844 1730 1054 1766; x_wconf 88' lang='lat' dir='ltr'>collocatas</span> <span class='ocrx_word' id='word_1_194' title='bbox 1083 1728 1313 1779; x_wconf 91' lang='lat' dir='ltr'>munitaque</span> <span class='ocrx_word' id='word_1_195' title='bbox 1341 1729 1504 1768; x_wconf 86' lang='lat' dir='ltr'>hiberna</span> <span class='ocrx_word' id='word_1_196' title='bbox 1523 1741 1540 1768; x_wconf 77' lang='lat'>8</span> 
     </span>
    </p>
   </div>
   <div class='ocr_carea' id='block_1_6' title="bbox 144 1795 1040 1845">
    <p class='ocr_par' dir='ltr' id='par_1_7' title="bbox 144 1795 1040 1845">
     <span class='ocr_line' id='line_1_29' title="bbox 144 1795 1040 1845; baseline 0.001 -13"><span class='ocrx_word' id='word_1_197' title='bbox 144 1815 158 1844; x_wconf 79' lang='lat'>.&#39;</span> <span class='ocrx_word' id='word_1_198' title='bbox 181 1795 438 1845; x_wconf 86' lang='lat' dir='ltr'>cognovisset,</span> <span class='ocrx_word' id='word_1_199' title='bbox 460 1795 499 1833; x_wconf 89' lang='lat' dir='ltr'>in</span> <span class='ocrx_word' id='word_1_200' title='bbox 522 1795 648 1833; x_wconf 90' lang='lat' dir='ltr'>Gallia</span> <span class='ocrx_word' id='word_1_201' title='bbox 669 1795 808 1834; x_wconf 91' lang='lat' dir='ltr'>morari</span> <span class='ocrx_word' id='word_1_202' title='bbox 829 1795 1040 1833; x_wconf 87' lang='lat' dir='ltr'>constituit.</span> 
     </span>
    </p>
   </div>
   <div class='ocr_carea' id='block_1_7' title="bbox 180 1859 1573 2235">
    <p class='ocr_par' dir='ltr' id='par_1_8' title="bbox 180 1859 1573 2235">
     <span class='ocr_line' id='line_1_30' title="bbox 236 1859 1573 1911; baseline 0.001 -13"><span class='ocrx_word' id='word_1_203' title='bbox 236 1862 328 1898; x_wconf 88' lang='lat' dir='ltr'>Erat</span> <span class='ocrx_word' id='word_1_204' title='bbox 359 1861 398 1898; x_wconf 90' lang='lat' dir='ltr'>in</span> <span class='ocrx_word' id='word_1_205' title='bbox 431 1861 669 1900; x_wconf 88' lang='lat' dir='ltr'>Carnutibus</span> <span class='ocrx_word' id='word_1_206' title='bbox 702 1874 857 1899; x_wconf 88' lang='lat' dir='ltr'>summo</span> <span class='ocrx_word' id='word_1_207' title='bbox 890 1862 977 1898; x_wconf 93' lang='lat' dir='ltr'>loco</span> <span class='ocrx_word' id='word_1_208' title='bbox 1002 1868 1115 1898; x_wconf 90' lang='lat' dir='ltr'>natus</span> <span class='ocrx_word' id='word_1_209' title='bbox 1145 1859 1360 1909; x_wconf 86' lang='lat' dir='ltr'>Tasgetius,</span> <span class='ocrx_word' id='word_1_210' title='bbox 1393 1860 1503 1898; x_wconf 92' lang='lat' dir='ltr'>cuius</span> <span class='ocrx_word' id='word_1_211' title='bbox 1524 1872 1573 1911; x_wconf 88' lang='lat'>25</span> 
     </span>
     <span class='ocr_line' id='line_1_31' title="bbox 181 1926 1539 1977; baseline -0.002 -14"><span class='ocrx_word' id='word_1_212' title='bbox 181 1926 345 1964; x_wconf 88' lang='lat' dir='ltr'>maiores</span> <span class='ocrx_word' id='word_1_213' title='bbox 373 1926 412 1963; x_wconf 91' lang='lat' dir='ltr'>in</span> <span class='ocrx_word' id='word_1_214' title='bbox 437 1940 506 1964; x_wconf 86' lang='lat' dir='ltr'>sua</span> <span class='ocrx_word' id='word_1_215' title='bbox 533 1926 687 1965; x_wconf 85' lang='lat' dir='ltr'>civitate</span> <span class='ocrx_word' id='word_1_216' title='bbox 712 1940 873 1977; x_wconf 89' lang='lat' dir='ltr'>regnum</span> <span class='ocrx_word' id='word_1_217' title='bbox 901 1926 1160 1964; x_wconf 89' lang='lat' dir='ltr'>obtinuerant.</span> <span class='ocrx_word' id='word_1_218' title='bbox 1224 1926 1331 1963; x_wconf 90' lang='lat' dir='ltr'>Huic</span> <span class='ocrx_word' id='word_1_219' title='bbox 1360 1927 1504 1967; x_wconf 83' lang='lat' dir='ltr'>Caesar</span> <span class='ocrx_word' id='word_1_220' title='bbox 1525 1940 1539 1960; x_wconf 89' lang='lat'><strong>2</strong></span> 
     </span>
     <span class='ocr_line' id='line_1_32' title="bbox 181 1989 1502 2040; baseline -0.001 -12"><span class='ocrx_word' id='word_1_221' title='bbox 181 2004 251 2039; x_wconf 85' lang='lat' dir='ltr'>pro</span> <span class='ocrx_word' id='word_1_222' title='bbox 279 1990 361 2029; x_wconf 91' lang='lat' dir='ltr'>eius</span> <span class='ocrx_word' id='word_1_223' title='bbox 382 1990 521 2029; x_wconf 85' lang='lat' dir='ltr'>virtute</span> <span class='ocrx_word' id='word_1_224' title='bbox 544 1999 662 2040; x_wconf 88' lang='lat' dir='ltr'>atque</span> <span class='ocrx_word' id='word_1_225' title='bbox 686 1991 725 2029; x_wconf 89' lang='lat' dir='ltr'>in</span> <span class='ocrx_word' id='word_1_226' title='bbox 753 2005 793 2029; x_wconf 89' lang='lat' dir='ltr'>se</span> <span class='ocrx_word' id='word_1_227' title='bbox 822 1990 1106 2037; x_wconf 86' lang='lat' dir='ltr'>benevolentia,</span> <span class='ocrx_word' id='word_1_228' title='bbox 1129 1991 1237 2039; x_wconf 92' lang='lat' dir='ltr'>quod</span> <span class='ocrx_word' id='word_1_229' title='bbox 1259 1990 1297 2027; x_wconf 93' lang='lat' dir='ltr'>in</span> <span class='ocrx_word' id='word_1_230' title='bbox 1318 1989 1502 2028; x_wconf 89' lang='lat' dir='ltr'>omnibus</span> 
     </span>
     <span class='ocr_line' id='line_1_33' title="bbox 181 2055 1501 2106; baseline 0 -14"><span class='ocrx_word' id='word_1_231' title='bbox 181 2055 291 2093; x_wconf 84' lang='lat' dir='ltr'>bellis</span> <span class='ocrx_word' id='word_1_232' title='bbox 332 2055 515 2105; x_wconf 87' lang='lat' dir='ltr'>singulari</span> <span class='ocrx_word' id='word_1_233' title='bbox 555 2056 637 2094; x_wconf 88' lang='lat' dir='ltr'>eius</span> <span class='ocrx_word' id='word_1_234' title='bbox 677 2070 796 2106; x_wconf 85' lang='lat' dir='ltr'>opera</span> <span class='ocrx_word' id='word_1_235' title='bbox 836 2058 959 2095; x_wconf 87' lang='lat' dir='ltr'>fuerat</span> <span class='ocrx_word' id='word_1_236' title='bbox 993 2070 1097 2102; x_wconf 90' lang='lat' dir='ltr'>usus,</span> <span class='ocrx_word' id='word_1_237' title='bbox 1140 2055 1330 2093; x_wconf 89' lang='lat' dir='ltr'>maiorum</span> <span class='ocrx_word' id='word_1_238' title='bbox 1371 2056 1501 2093; x_wconf 89' lang='lat' dir='ltr'>locum</span> 
     </span>
     <span class='ocr_line' id='line_1_34' title="bbox 180 2119 1540 2172; baseline -0.001 -14"><span class='ocrx_word' id='word_1_239' title='bbox 180 2120 405 2159; x_wconf 85' lang='lat' dir='ltr'>restituerat.</span> <span class='ocrx_word' id='word_1_240' title='bbox 465 2121 642 2159; x_wconf 88' lang='lat' dir='ltr'>Tertium</span> <span class='ocrx_word' id='word_1_241' title='bbox 662 2122 739 2160; x_wconf 92' lang='lat' dir='ltr'>iam</span> <span class='ocrx_word' id='word_1_242' title='bbox 760 2124 866 2160; x_wconf 85' lang='lat' dir='ltr'>hunc</span> <span class='ocrx_word' id='word_1_243' title='bbox 890 2136 1038 2161; x_wconf 88' lang='lat' dir='ltr'>annum</span> <span class='ocrx_word' id='word_1_244' title='bbox 1063 2129 1290 2172; x_wconf 88' lang='lat' dir='ltr'>regnantem</span> <span class='ocrx_word' id='word_1_245' title='bbox 1312 2119 1501 2161; x_wconf 69' lang='lat' dir='ltr'>’tinimicis</span> <span class='ocrx_word' id='word_1_246' title='bbox 1523 2136 1540 2166; x_wconf 78' lang='lat'>5</span> 
     </span>
     <span class='ocr_line' id='line_1_35' title="bbox 180 2185 1502 2235; baseline 0 -12"><span class='ocrx_word' id='word_1_247' title='bbox 180 2185 256 2223; x_wconf 88' lang='lat' dir='ltr'>iam</span> <span class='ocrx_word' id='word_1_248' title='bbox 287 2186 418 2224; x_wconf 88' lang='lat' dir='ltr'>multis</span> <span class='ocrx_word' id='word_1_249' title='bbox 448 2188 576 2235; x_wconf 82' lang='lat' dir='ltr'>palam</span> <span class='ocrx_word' id='word_1_250' title='bbox 607 2201 653 2225; x_wconf 83' lang='lat' dir='ltr'>ex</span> <span class='ocrx_word' id='word_1_251' title='bbox 682 2187 836 2226; x_wconf 85' lang='lat' dir='ltr'>civitate</span> <span class='ocrx_word' id='word_1_252' title='bbox 866 2196 903 2226; x_wconf 90' lang='lat' dir='ltr'>et</span> <span class='ocrx_word' id='word_1_253' title='bbox 928 2188 983 2226; x_wconf 87' lang='lat' dir='ltr'>eis</span> <span class='ocrx_word' id='word_1_254' title='bbox 1007 2187 1232 2226; x_wconf 89' lang='lat' dir='ltr'>auctoribus</span> <span class='ocrx_word' id='word_1_255' title='bbox 1254 2200 1343 2225; x_wconf 90' lang='lat' dir='ltr'>eum</span> <span class='ocrx_word' id='word_1_256' title='bbox 1367 2185 1502 2226; x_wconf 88' lang='lat' dir='ltr'>†inter-</span> 
     </span>
    </p>
   </div>
   <div class='ocr_carea' id='block_1_8' title="bbox 179 2287 1502 2413">
    <p class='ocr_par' dir='ltr' id='par_1_9' title="bbox 179 2287 1502 2413">
     <span class='ocr_line' id='line_1_36' title="bbox 228 2287 1502 2329; baseline 0.002 -12"><span class='ocrx_word' id='word_1_257' title='bbox 228 2298 264 2318; x_wconf 77' lang='lat' dir='ltr'>io</span> <span class='ocrx_word' id='word_1_258' title='bbox 289 2287 432 2318; x_wconf 81' lang='lat' dir='ltr'>Esubios</span> <span class='ocrx_word' id='word_1_259' title='bbox 452 2287 571 2319; x_wconf 77' lang='lat' dir='ltr'>Glz&#39;ick:</span> <span class='ocrx_word' id='word_1_260' title='bbox 593 2289 721 2320; x_wconf 86' lang='lat' dir='ltr'>Essuos</span> <span class='ocrx_word' id='word_1_261' title='bbox 737 2289 774 2318; x_wconf 87' lang='lat' dir='ltr'><em>X</em></span> <span class='ocrx_word' id='word_1_262' title='bbox 857 2300 893 2319; x_wconf 88' lang='lat'>12</span> <span class='ocrx_word' id='word_1_263' title='bbox 920 2289 1034 2329; x_wconf 86' lang='lat' dir='ltr'>Belgis</span> <span class='ocrx_word' id='word_1_264' title='bbox 1051 2300 1088 2320; x_wconf 79' lang='lat' dir='ltr'>a:</span> <span class='ocrx_word' id='word_1_265' title='bbox 1116 2287 1288 2328; x_wconf 72' lang='lat' dir='ltr'>Belgjoss:</span> <span class='ocrx_word' id='word_1_266' title='bbox 1314 2289 1502 2321; x_wconf 80' lang='lat' dir='ltr'>Bellovacis</span> 
     </span>
     <span class='ocr_line' id='line_1_37' title="bbox 187 2330 1500 2372; baseline 0.002 -12"><span class='ocrx_word' id='word_1_267' title='bbox 187 2330 360 2362; x_wconf 76' lang='lat' dir='ltr'>leomcmn</span> <span class='ocrx_word' id='word_1_268' title='bbox 478 2342 520 2370; x_wconf 83' lang='lat'>30</span> <span class='ocrx_word' id='word_1_269' title='bbox 545 2332 686 2363; x_wconf 82' lang='lat' dir='ltr'>inimicis</span> <span class='ocrx_word' id='word_1_270' title='bbox 704 2334 767 2362; x_wconf 86' lang='lat' dir='ltr'>iam</span> <span class='ocrx_word' id='word_1_271' title='bbox 786 2344 824 2363; x_wconf 84' lang='lat' dir='ltr'>a:</span> <span class='ocrx_word' id='word_1_272' title='bbox 850 2333 972 2363; x_wconf 89' lang='lat' dir='ltr'>inimici</span> <span class='ocrx_word' id='word_1_273' title='bbox 989 2335 1012 2367; x_wconf 82' lang='grc' dir='ltr'>β</span> <span class='ocrx_word' id='word_1_274' title='bbox 1140 2342 1178 2371; x_wconf 84' lang='lat'>31</span> <span class='ocrx_word' id='word_1_275' title='bbox 1206 2332 1319 2363; x_wconf 87' lang='lat' dir='ltr'>multis</span> <span class='ocrx_word' id='word_1_276' title='bbox 1336 2333 1443 2372; x_wconf 81' lang='lat' dir='ltr'>palam</span> <span class='ocrx_word' id='word_1_277' title='bbox 1460 2345 1479 2363; x_wconf 89' lang='grc' dir='ltr'><em>α</em></span> <span class='ocrx_word' id='word_1_278' title='bbox 1494 2343 1500 2362; x_wconf 76' lang='lat' dir='ltr'><em>z</em></span> 
     </span>
     <span class='ocr_line' id='line_1_38' title="bbox 179 2375 1147 2413; baseline 0 -8"><span class='ocrx_word' id='word_1_279' title='bbox 179 2375 288 2413; x_wconf 82' lang='lat' dir='ltr'>palam</span> <span class='ocrx_word' id='word_1_280' title='bbox 308 2375 416 2405; x_wconf 86' lang='lat' dir='ltr'>multis</span> <span class='ocrx_word' id='word_1_281' title='bbox 433 2377 455 2408; x_wconf 83' lang='grc' dir='ltr'><em>Β</em></span> <span class='ocrx_word' id='word_1_282' title='bbox 533 2379 566 2405; x_wconf 89' lang='lat' dir='ltr'>ct</span> <span class='ocrx_word' id='word_1_283' title='bbox 584 2375 623 2406; x_wconf 65' lang='lat' dir='ltr'>i-is</span> <span class='ocrx_word' id='word_1_284' title='bbox 639 2387 676 2407; x_wconf 81' lang='lat' dir='ltr'>a:</span> <span class='ocrx_word' id='word_1_285' title='bbox 703 2386 768 2406; x_wconf 81' lang='lat' dir='ltr'>om.</span> <span class='ocrx_word' id='word_1_286' title='bbox 785 2378 807 2410; x_wconf 82' lang='grc' dir='ltr'>β</span> <span class='ocrx_word' id='word_1_287' title='bbox 885 2386 959 2407; x_wconf 85' lang='lat' dir='ltr'>cum</span> <span class='ocrx_word' id='word_1_288' title='bbox 976 2387 995 2405; x_wconf 89' lang='grc' dir='ltr'><strong><em>α</em></strong></span> <span class='ocrx_word' id='word_1_289' title='bbox 1011 2386 1016 2404; x_wconf 91' lang='lat'>:</span> <span class='ocrx_word' id='word_1_290' title='bbox 1041 2386 1104 2406; x_wconf 79' lang='lat' dir='ltr'>om.</span> <span class='ocrx_word' id='word_1_291' title='bbox 1124 2377 1147 2409; x_wconf 86' lang='grc' dir='ltr'><strong><em>β</em></strong></span> 
     </span>
    </p>
   </div>
  </div>
 </body>
</html>
