1768 2739
650 125 692 163 C.
728 124 843 161 IVLI
875 124 1143 163 CAESARIS

235 235 448 274 maximum
493 234 876 285 munitissimumque
921 234 959 272 in
1000 234 1142 272 finibus
1182 233 1399 285 Biturigum
1445 241 1564 284 atque

233 301 325 350 agri,
354 300 587 339 fertilissima
625 300 793 351 regione,
830 301 1026 350 profectus
1066 307 1134 347 est,
1177 301 1285 349 quod
1326 312 1374 338 eo
1414 299 1564 349 oppido

234 373 391 416 recepto
421 365 619 404 civitatem
659 364 876 415 Biturigum
906 378 946 403 se
977 364 1015 402 in
1047 372 1280 414 potestatem
1315 364 1563 403 redacturum

234 431 470 470 confidebat.

168 501 212 537 14
288 495 592 546 Vercingetorix,
628 502 685 534 tot
724 494 920 533 continuis
959 493 1221 532 incommodis
1256 492 1560 540 Vellaunoduni‚
1584 508 1602 539 5

235 560 399 607 Cenabi,
434 559 662 599 Novioduni
696 559 879 609 acceptis,
911 572 1002 597 suos
1033 560 1084 597 ad
1116 558 1326 597 concilium
1359 565 1561 597 convocat.

197 640 212 659 2
236 627 364 664 Docet
391 627 506 675 longe
527 625 603 663 alia
622 624 772 663 ratione
793 637 878 663 esse
902 624 1049 662 bellum
1076 625 1291 674 gerendum
1312 632 1429 673 atque
1449 631 1565 662 antea

232 697 385 740 gestum
407 689 464 728 sit.
537 689 734 729 Omnibus
766 689 894 727 modis
924 688 1015 727 huic
1039 688 1093 726 rei
1118 690 1357 727 studendum
1379 696 1421 727 ut
1445 689 1565 739 pabu-

197 765 215 795 3
233 754 378 793 latione
403 762 441 792 et
467 761 691 792 commeatu
715 753 887 791 Romani
913 753 1203 803 prohibeantur.
1265 754 1314 791 Id
1334 766 1418 792 esse
1438 753 1560 800 facile,

233 821 342 870 quod
372 819 547 869 equitatu
576 819 648 869 ipsi
675 819 881 857 abundent
911 826 949 857 et
973 820 1082 868 quod
1111 819 1205 857 anni
1234 826 1410 868 tempore
1439 819 1565 857 suble-
1586 832 1625 854 10

194 900 214 929 4
233 891 381 922 ventur.
442 884 637 922 Pabulum
669 883 789 922 secari
819 897 900 922 non
935 896 1050 934 posse
1068 898 1077 931 3
1116 883 1335 922 necessario
1369 882 1565 932 dispersos

233 949 356 987 hostis
381 962 428 987 ex
452 949 641 987 aedificiis
672 956 829 999 petere:
860 950 932 987 hos
963 948 1091 987 omnis
1121 949 1267 988 cotidie
1290 949 1342 987 ab
1367 947 1565 998 equitibus

195 1029 212 1059 5
233 1013 351 1064 deligi
372 1027 497 1063 posse.
556 1016 760 1053 Praeterea
781 1014 914 1052 salutis
937 1027 1053 1052 causa
1070 1014 1124 1052 rei
1140 1013 1337 1052 familiaris
1353 1014 1566 1052 commoda

233 1080 506 1128 neglegenda:
555 1078 662 1117 vicos
700 1086 819 1129 atque
856 1078 1036 1118 aedificia
1074 1078 1232 1117 incendi
1271 1085 1450 1128 oportere
1489 1079 1566 1117 hoc

233 1143 360 1193 spatio
399 1144 451 1181 ab
489 1143 551 1181 via
593 1156 887 1194 quoqueversus
926 1157 1006 1193 quo
1049 1143 1264 1193 pabulandi
1303 1156 1420 1181 causa
1457 1142 1565 1181 adire
1586 1156 1623 1190 15

194 1224 213 1255 6
234 1222 350 1259 posse
381 1208 595 1247 videantur.
668 1211 824 1247 Harum
863 1208 955 1259 ipsis
994 1222 1122 1247 rerum
1154 1208 1309 1259 copiam
1344 1215 1561 1258 suppetere,

234 1274 342 1323 quod
372 1286 540 1323 quorum
566 1273 604 1311 in
629 1272 773 1312 finibus
798 1274 944 1312 bellum
969 1281 1122 1324 geratur
1146 1287 1280 1312 eorum
1311 1273 1452 1323 opibus
1477 1273 1565 1312 sub-

197 1339 434 1387 7leventur:
477 1339 682 1376 Romanos
714 1345 780 1376 aut
820 1337 994 1388 inopiam
1029 1351 1109 1377 non
1144 1339 1288 1377 laturos
1319 1345 1386 1376 aut
1420 1350 1563 1387 magno

194 1418 212 1447 8
234 1402 407 1451 periculo
436 1402 590 1451 longius
628 1403 678 1441 ab
717 1402 850 1441 castris
886 1415 1162 1452 processuros;
1210 1416 1339 1453 neque
1377 1402 1564 1441 interesse

234 1466 392 1516 ipsosne
422 1466 657 1505 interficiant
681 1466 1026 1517 impedimentisne
1053 1474 1206 1515 exuant,
1233 1467 1377 1518 quibus
1407 1467 1560 1506 amissis
1585 1481 1627 1504 20

193 1549 212 1579 9
232 1531 381 1569 bellum
402 1531 481 1581 geri
502 1544 582 1569 non
603 1532 734 1581 possit.
796 1534 999 1571 Praeterea
1025 1532 1171 1582 oppida
1192 1532 1350 1571 incendi
1371 1540 1560 1582 oportere,

233 1609 335 1646 quae
364 1609 445 1634 non
475 1595 694 1634 munitione
724 1604 761 1634 et
791 1596 867 1634 loci
896 1604 1034 1634 natura
1061 1597 1112 1634 ab
1142 1596 1250 1635 omni
1284 1596 1361 1635 sint
1389 1596 1564 1646 periculo

233 1667 326 1707 tuta,
345 1674 422 1698 neu
443 1660 521 1698 suis
543 1659 619 1698 sint
638 1660 690 1698 ad
710 1661 1005 1700 detrectandam
1027 1660 1204 1699 militiam
1220 1663 1466 1711 receptacula
1486 1674 1564 1700 neu

235 1725 426 1763 Romanis
448 1724 648 1775 proposita
671 1726 722 1763 ad
752 1726 908 1775 copiam
938 1733 1182 1764 commeatus
1208 1726 1475 1776 praedamque
1494 1727 1564 1764 tol-

176 1807 214 1828 10
233 1791 402 1828 lendam.
464 1792 578 1828 Haec
608 1789 640 1827 si
670 1789 799 1839 gravia
828 1797 895 1828 aut
928 1790 1069 1828 acerba
1097 1790 1311 1837 videantur,
1344 1792 1469 1828 multo
1499 1789 1564 1828 illa
1585 1801 1623 1834 25

232 1855 384 1905 gravius
413 1854 630 1902 aestimare,
656 1854 811 1901 liberos,
839 1854 1025 1904 coniuges
1054 1854 1094 1892 in
1124 1854 1349 1894 servitutem
1378 1854 1561 1901 abstrahi,

232 1920 338 1969 ipsos
359 1919 523 1958 interfici
537 1934 548 1967 ;
576 1932 678 1969 quae
698 1919 746 1957 sit
767 1932 927 1958 necesse
946 1919 1124 1958 accidere
1144 1919 1265 1958 victis.

171 1994 214 2032 15
287 1985 478 2023 Omnium
499 1997 695 2022 consensu
716 1986 789 2022 hac
809 1984 1002 2023 sententia
1022 1985 1197 2034 probata,
1215 1998 1295 2023 uno
1316 1984 1380 2023 die
1395 1984 1563 2034 amplius

197 2067 211 2087 2
234 2052 309 2096 XX
331 2050 446 2088 urbes
469 2049 686 2099 Biturigum
708 2049 981 2088 incenduntur.
1043 2051 1136 2088 Hoc
1156 2050 1261 2088 idem
1283 2051 1324 2087 fit
1345 2049 1384 2087 in
1406 2048 1563 2099 reliquis

234 2115 485 2160 civitatibus:
526 2114 566 2152 in
597 2114 781 2153 omnibus
816 2114 989 2164 partibus
1023 2114 1206 2153 incendia
1237 2114 1532 2164 conspiciuntur
1553 2128 1564 2161 3
1584 2125 1623 2155 30

234 2193 334 2228 quae
355 2179 427 2217 etsi
448 2193 591 2229 magno
612 2192 702 2218 cum
723 2180 859 2218 dolore
879 2193 1016 2218 omnes
1037 2180 1225 2227 ferebant,
1243 2187 1375 2218 tamen
1396 2180 1473 2217 hoc
1489 2178 1562 2217 sibi

280 2286 319 2311 10
342 2283 432 2321 quod
458 2284 503 2316 B:
538 2287 573 2313 ut
599 2295 618 2312 α
776 2292 814 2321 13
849 2282 950 2321 deligi
986 2282 1089 2315 BbG:
1132 2282 1224 2321 diligi
1259 2282 1359 2313 A‘R:
1401 2282 1506 2313 deleri
1538 2284 1561 2316 β

238 2334 274 2362 15
300 2325 340 2354 ab
365 2326 416 2355 via
438 2325 597 2366 Madwg:
633 2326 728 2357 aboia
753 2325 847 2356 A'T:
873 2327 913 2356 ab
940 2327 993 2356 oia
1018 2326 1068 2356 B:
1094 2337 1112 2356 a
1134 2326 1208 2356 boia
1229 2330 1293 2356 cett.
1430 2327 1469 2356 18
1488 2328 1562 2364 post

235 2378 357 2405 magno
375 2368 449 2398 add.
470 2379 543 2399 cum
562 2372 585 2403 β
731 2370 772 2399 26
796 2370 974 2400 aestimare
997 2381 1016 2399 α
1032 2379 1039 2399 :
1078 2369 1245 2401 aestimari
1264 2369 1388 2400 debere
1405 2370 1429 2402 β
