1768 2739
149 503 166 533 5

127 825 168 848 10

130 1468 170 1490 20

130 2111 173 2140 30

442 120 515 157 DE
546 118 726 156 BELLO
755 117 999 155 GALLICO
1030 118 1131 155 LIB.
1164 118 1245 155 VII

185 246 281 283 quas
315 230 514 282 expeditas
544 243 629 269 esse
658 229 818 268 iusserat
851 228 971 280 portis
1005 227 1173 267 incensis
1202 227 1423 267 intromittit
1451 235 1506 267 at-

185 311 262 347 que
291 296 439 347 oppido
467 295 623 346 potitur,
653 293 856 344 perpaucis
885 307 932 332 ex
960 293 1133 332 hostiurn
1162 307 1326 332 numero
1355 293 1506 332 deside-

186 362 275 400 ratis
306 361 401 411 quin
431 359 562 399 cuncti
595 366 834 409 caperentur,
865 359 973 408 quod
1011 358 1141 408 pontis
1174 366 1292 407 atque
1323 358 1505 396 itinerum

185 425 387 475 angustiae
428 423 690 463 multitudinis
738 425 869 473 fugam
917 423 1221 461 intercluserant.
1301 421 1505 472 Oppidum
1527 434 1545 464 9

186 490 316 540 diripit
344 498 462 539 atque
491 488 675 535 incendit,
703 489 889 538 praedam
918 487 1106 525 militibus
1131 489 1263 534 donat,
1293 486 1505 525 exercitum

187 554 354 603 Ligerim
373 553 539 591 traducit
559 561 677 601 atque
696 552 736 589 in
759 551 975 602 Biturigum
996 552 1083 589 finis
1103 552 1287 602 pervenit.

238 617 538 667 Vercingetorix,
565 616 633 654 ubi
662 618 712 655 de
736 615 912 655 Caesaris
942 617 1113 654 adventu
1143 615 1336 666 cognovit,
1366 629 1512 666 oppug-
1532 622 1573 650 12

185 681 343 720 natione
376 680 523 719 destitit
555 688 673 730 atque
712 680 868 718 obviam
901 680 1058 719 Caesari
1099 680 1364 730 proficiscitur.
1442 682 1512 718 Ille
1534 696 1547 716 2

185 745 376 795 oppidum
398 744 615 795 Biturigum
637 744 808 795 positum
830 745 869 782 in
891 745 952 783 via
979 745 1263 784 Noviodunum
1287 759 1513 796 oppugnare

186 809 410 847 instituerat.
484 809 576 857 Quo
606 823 652 847 ex
681 809 828 859 oppido
858 823 949 848 cum
981 810 1094 860 legati
1126 811 1176 848 ad
1206 824 1296 849 eum
1317 809 1514 849 venissent

186 881 337 912 oratum
358 881 400 912 ut
420 873 493 922 sibi
514 874 729 924 ignosceret
751 888 922 924 suaeque
944 875 1045 913 vitae
1071 876 1301 922 consuleret,
1325 882 1367 913 ut
1387 874 1514 914 celeri-

185 947 264 976 tate
293 937 458 987 reliquas
488 951 546 976 res
576 940 795 985 conficeret,
829 953 906 989 qua
942 941 1126 989 pleraque
1156 948 1236 978 erat
1267 946 1512 985 consecutus,

185 1016 292 1041 arma
312 1002 486 1050 conferri,
510 1016 632 1053 equos
654 1003 827 1054 produci,
852 1003 1010 1042 obsides
1033 1003 1114 1042 dari
1136 1003 1253 1042 iubet.
1305 1006 1417 1042 Parte
1437 1003 1513 1042 iam
1532 1022 1552 1052 4

187 1067 371 1106 obsidum
392 1068 540 1115 tradita,
557 1083 647 1108 cum
664 1070 811 1119 reliqua
832 1069 1205 1115 administrarentur,
1221 1068 1514 1108 centurionibus

188 1139 226 1170 et
255 1132 388 1182 paucis
418 1133 605 1172 militibus
635 1134 865 1173 intromissis
896 1133 963 1183 qui
998 1147 1105 1172 arma
1140 1133 1392 1182 iumentaque
1426 1146 1516 1172 con-

187 1196 392 1246 quirerent,
428 1199 622 1248 equitatus
654 1199 826 1237 hostium
862 1199 997 1249 procul
1033 1198 1137 1236 visus
1171 1206 1240 1244 est,
1276 1197 1343 1247 qui
1374 1211 1514 1247 agmen

187 1262 512 1312 Vercingetorigis
541 1271 810 1302 antecesserat.
871 1264 1002 1311 Quem
1034 1262 1148 1300 simul
1178 1270 1296 1311 atque
1327 1261 1514 1312 oppidani
1534 1275 1550 1305 5

187 1335 473 1376 conspexerunt
502 1336 619 1377 atque
650 1328 688 1365 in
719 1340 829 1377 spem
856 1326 972 1365 auxili
1002 1334 1203 1373 venerunt,
1231 1328 1399 1364 clamore
1429 1326 1516 1364 sub-

187 1392 266 1429 lato
291 1405 398 1430 arma
422 1405 570 1442 capere,
594 1399 724 1442 portas
752 1392 944 1437 claudere,
969 1404 1123 1429 murum
1156 1392 1354 1440 complere
1380 1404 1517 1440 coepe-

188 1463 285 1494 runt.
345 1456 604 1495 Centuriones
634 1455 673 1493 in
703 1456 862 1506 oppido,
887 1468 977 1492 curn
1008 1468 1054 1493 ex
1084 1455 1367 1504 significatione
1389 1456 1518 1493 Gallo·
1536 1458 1554 1488 6

188 1533 273 1557 rum
307 1520 398 1558 novi
426 1519 575 1569 aliquid
603 1520 654 1558 ab
684 1520 737 1558 eis
768 1519 853 1557 iniri
884 1518 1021 1557 consili
1058 1519 1346 1566 intellexissent,
1380 1518 1517 1568 gladiis

188 1583 380 1621 destrictis
419 1591 549 1633 portas
587 1590 878 1633 occupaverunt
921 1596 1092 1633 suosque
1141 1583 1268 1622 omnis
1309 1583 1517 1622 incolumis

190 1656 427 1697 receperunt.

244 1713 387 1750 Caesar
402 1726 449 1751 ex
464 1712 598 1751 castris
618 1712 834 1762 equitatum
855 1710 971 1750 educi
991 1711 1110 1758 iubet,
1130 1711 1320 1762 proelium
1339 1720 1517 1762 equestre
1538 1719 1580 1755 13

132 1791 166 1811 2-
189 1776 422 1814 committit:
452 1776 719 1814 laborantibus
748 1776 824 1814 iam
851 1775 929 1813 suis
951 1776 1169 1814 Germanos
1196 1776 1346 1826 equites
1369 1776 1519 1814 circiter

191 1840 334 1878 CCCC
363 1840 579 1887 summittit,
602 1853 701 1890 quos
729 1840 779 1878 ab
808 1839 919 1877 initio
948 1840 1092 1878 habere
1123 1853 1255 1878 secum
1288 1840 1516 1878 instituerat.

192 1905 340 1942 Eorum
371 1904 561 1954 impetum
596 1904 699 1943 Galli
729 1904 918 1942 sustinere
952 1917 1033 1942 non
1067 1912 1279 1955 potuerunt
1325 1913 1444 1954 atque
1478 1905 1517 1942 in
1540 1918 1554 1938 2

191 1971 321 2019 sugam
364 1969 504 2007 coiecti
543 1969 674 2007 multis
712 1968 863 2006 amissis
903 1981 943 2006 se
985 1969 1035 2006 ad
1083 1982 1224 2018 agmen
1274 1978 1515 2019 receperunt.

192 2034 346 2081 Quibus
376 2033 597 2084 profligatis,
627 2046 754 2071 rursus
779 2032 967 2083 oppidani
996 2033 1185 2082 perterriti
1210 2035 1518 2083 comprehensos

191 2111 258 2136 eos
297 2111 463 2147 quorum
502 2111 620 2147 opera
662 2098 819 2147 plebem
863 2097 1100 2136 concitatam
1144 2098 1418 2136 existimabant
1466 2101 1517 2138 ad

192 2165 400 2201 Caesarem
444 2163 708 2212 perduxerunt
750 2175 914 2211 seseque
956 2161 991 2200 ei
1035 2161 1282 2200 dediderunt.
1360 2163 1516 2211 Quibus
1538 2176 1555 2206 3

191 2227 305 2265 rebus
335 2226 533 2273 confectis,
567 2227 710 2265 Caesar
738 2226 788 2264 ad
818 2225 1010 2275 oppidum
1040 2225 1262 2273 Avaricum,
1293 2228 1401 2276 quod
1436 2236 1515 2266 erat

234 2340 255 2369 3
280 2331 390 2361 cuncti
407 2341 447 2360 a:
469 2330 535 2360 vivi
553 2331 575 2365 β
680 2341 698 2368 4
718 2329 923 2360 multitudini
940 2331 962 2363 β
1069 2341 1090 2369 9
1109 2329 1296 2370 Biturigum
1314 2332 1463 2371 positum
1480 2332 1514 2362 in

192 2375 245 2406 uia
263 2374 492 2405 nouiodunum
510 2375 554 2408 B:
579 2384 642 2404 om.
663 2385 681 2402 α
787 2383 828 2411 32
854 2373 953 2404 rebus
969 2383 1033 2404 om.
1053 2385 1073 2403 α
