1706 2729
444 133 517 170 DE
549 133 728 170 BELLO
759 134 1003 172 GALLICO
1035 137 1135 174 LIB.
1171 139 1187 174 Ι

154 243 332 281 iniuriam
359 251 396 281 et
423 255 535 281 suum
563 243 737 281 dolorem
769 243 850 282 eius
880 245 1069 283 voluntati
1098 260 1143 284 ac
1173 248 1352 297 precibus
1382 261 1471 286 con-

154 308 284 346 donet.
345 306 627 357 Dumnorigem
655 309 707 345 ad
736 321 777 346 se
805 316 928 355 vocat,
962 310 1115 347 fratrem
1144 311 1306 350 adhibet
1321 327 1330 359 3
1371 325 1471 361 quae
1491 321 1509 351 6

153 371 191 409 in
213 384 260 409 eo
280 372 536 420 reprehendat
557 371 738 418 ostendit,
761 385 862 422 quae
882 372 965 422 ipse
986 373 1192 424 intellegat,
1216 388 1316 424 quae
1337 376 1470 414 civitas

152 442 333 484 queratur
365 435 572 484 proponit3
614 443 748 474 monet
777 443 819 474 ut
852 435 891 473 in
926 436 1118 486 reliquum
1153 446 1308 488 tempus
1343 441 1470 478 omnis

114 508 132 539 5
151 498 392 548 suspiciones
425 498 518 536 vitet
532 513 542 546 3
584 499 788 549 praeterita
817 513 858 538 se
886 500 1088 539 Diviciaco
1113 502 1218 539 fratri
1245 504 1470 541 condonare

149 562 253 601 dicit.
313 562 545 612 Dumnorigi
566 565 748 603 custodes
774 564 896 614 ponit,
920 572 961 602 ut
989 578 1089 614 quae
1112 573 1209 615 agat,
1233 566 1468 616 quibuscum

149 628 328 676 loquatur
348 626 444 664 scire
464 627 595 676 possit.

202 692 354 729 Eodem
390 691 453 729 die
486 691 537 729 ab
567 692 875 741 exploratoribus
907 693 1046 731 certior
1077 695 1200 732 factus
1239 694 1362 732 hostis
1393 695 1467 733 sub
1486 700 1528 727 21

149 763 282 794 monte
316 755 541 794 consedisse
575 756 681 795 milia
718 770 904 806 passuum
942 758 993 795 ab
1031 757 1151 807 ipsius
1191 759 1324 796 castris
1363 766 1465 805 octo,

92 832 131 855 10
148 819 273 870 qualis
302 827 403 858 esset
434 827 570 858 natura
601 820 745 858 montis
776 828 814 859 et
845 820 969 870 qualis
1002 821 1040 858 in
1073 821 1235 860 circuitu
1268 835 1465 868 ascensus,

147 884 215 935 qui
254 892 535 934 cognoscerent
573 885 687 923 misit.
749 885 1034 924 Renuntiatum
1074 894 1131 924 est
1176 886 1330 925 facilem
1370 900 1464 925 esse.
1489 905 1504 925 2

149 950 210 987 De
239 948 351 987 tertia
378 948 507 998 vigilia
535 950 580 987 T.
606 948 837 996 Labienum,
863 951 1034 999 legatum
1064 963 1135 999 pro
1164 958 1352 999 praetore,
1376 964 1466 988 curn

147 1013 301 1051 duabus
339 1012 558 1062 legionibus
596 1019 634 1051 et
681 1012 736 1051 eis
781 1012 948 1051 ducibus
987 1013 1054 1063 qui
1093 1013 1164 1051 iter
1202 1021 1466 1063 cognoverant

148 1089 346 1114 summum
375 1076 509 1125 iugum
540 1076 685 1114 montis
714 1078 927 1116 ascendere
953 1076 1062 1115 iubet
1077 1092 1086 1124 3
1117 1077 1213 1126 quid
1241 1077 1300 1115 sui
1327 1077 1465 1116 consili

89 1153 127 1185 15
148 1139 195 1177 sit
229 1139 409 1178 ostendit.
471 1141 562 1189 Ipse
599 1141 650 1178 de
687 1147 824 1189 quarta
861 1139 990 1189 vigilia
1034 1142 1176 1179 eodem
1215 1140 1352 1179 itinere
1386 1154 1465 1190 quo
1488 1156 1505 1186 3

147 1205 278 1242 hostes
305 1204 427 1242 ierant
450 1205 501 1242 ad
529 1217 595 1242 eos
622 1204 827 1242 contendit
857 1204 1154 1254 equitatumque
1185 1218 1345 1242 omnem
1375 1213 1466 1243 ante

145 1281 187 1307 se
217 1268 344 1306 mittit.
405 1270 445 1305 P.
470 1267 693 1314 Considius,
716 1268 784 1316 qui
804 1267 857 1305 rei
879 1267 1052 1306 militaris
1073 1267 1328 1317 peritissimus
1349 1269 1466 1306 habe«
1484 1277 1504 1306 4

146 1333 258 1371 batur
277 1340 314 1370 et
336 1332 374 1369 in
396 1332 565 1370 exercitu
588 1334 629 1369 L.
653 1333 783 1370 Sullae
813 1340 850 1370 et
871 1340 1008 1381 postea
1028 1332 1067 1370 in
1098 1334 1152 1371 M.
1178 1333 1306 1372 Crassi
1328 1334 1462 1379 fuerat,

144 1410 235 1435 cum
255 1396 563 1446 exploratoribus
583 1396 851 1445 praemittitur.

86 1478 125 1500 20
198 1460 327 1498 Prima
346 1462 443 1506 luce,
466 1473 555 1497 cum
577 1473 754 1498 summus
780 1473 895 1498 mons
921 1473 944 1498 a
970 1459 1127 1512 [Lucio]
1155 1460 1331 1499 Labieno
1361 1468 1464 1499 tene-
1484 1474 1534 1502 22

143 1531 256 1571 retur,
279 1524 362 1573 ipse
381 1524 431 1562 ab
451 1523 623 1562 hostium
644 1524 777 1562 castris
794 1537 874 1562 non
895 1524 1048 1573 longius
1065 1524 1170 1562 mille
1187 1533 1224 1563 et
1240 1525 1463 1575 quingentis

143 1587 321 1637 passibus
341 1587 506 1634 abesset,
528 1600 668 1636 neque,
690 1594 733 1625 ut
753 1594 890 1636 postea
910 1601 955 1625 ex
982 1587 1144 1637 captivis
1172 1589 1374 1638 comperit,
1396 1598 1463 1627 aut

142 1652 262 1701 ipsius
283 1653 474 1690 adventus
497 1658 565 1689 aut
585 1651 749 1689 Labieni
779 1652 958 1701 cognitus
987 1660 1099 1699 esset,
1123 1653 1337 1692 Considius
1358 1667 1462 1703 equo
1485 1672 1499 1692 2

141 1716 315 1754 admisso
345 1718 395 1754 ad
426 1730 517 1754 eum
550 1717 726 1763 accurrit,
753 1717 847 1755 dicit
877 1724 1053 1755 montem
1084 1730 1202 1767 quem
1232 1732 1254 1756 a
1285 1719 1462 1757 Labieno

83 1797 122 1828 25
141 1780 324 1829 occupari
350 1780 515 1818 voluerit
536 1781 587 1818 ab
612 1780 790 1819 hostibus
821 1780 944 1819 teneri
964 1796 970 1819 :
1001 1781 1041 1819 id
1061 1795 1102 1819 se
1122 1795 1145 1819 a
1166 1782 1325 1820 Gallicis
1346 1783 1461 1821 armis

140 1852 258 1892 atque
290 1844 506 1893 insignibus
538 1844 778 1893 cognovisse.
839 1846 983 1883 Caesar
1010 1858 1099 1883 suas
1123 1846 1257 1894 copias
1278 1846 1316 1883 in
1338 1847 1461 1895 proxi-

128 1921 249 1945 >mum
271 1909 411 1946 collem
433 1908 629 1954 subducit,
651 1908 776 1946 aciem
803 1907 965 1946 instruit.
1028 1908 1239 1956 Labienus,
1262 1917 1304 1947 ut
1325 1917 1405 1948 erat
1426 1911 1459 1948 ei

140 1979 391 2020 praeceptum
418 1985 441 2008 a
461 1972 628 2010 Caesare
657 1985 707 2009 ne
730 1972 921 2021 proelium
949 1972 1222 2019 committeret,
1246 1973 1318 2010 nisi
1339 1973 1460 2022 ipsius

140 2035 277 2084 copiae
307 2048 429 2084 prope
455 2035 627 2073 hostium
654 2043 779 2073 castra
804 2035 908 2073 visae
935 2043 1074 2083 essent,
1107 2043 1149 2074 ut
1176 2035 1351 2085 undique
1381 2049 1461 2074 uno

83 2113 124 2144 30
140 2106 316 2147 tempore
345 2098 385 2136 in
415 2098 537 2136 hostis
567 2098 735 2147 impetus
765 2100 884 2145 fieret,
916 2107 1051 2137 monte
1081 2107 1276 2148 occupato
1306 2107 1459 2138 nostros

138 2162 388 2211 exspectabat
408 2162 635 2211 proelioque
655 2162 886 2201 abstinebat.
948 2164 1077 2200 Multo
1104 2163 1275 2212 denique
1303 2163 1366 2201 die
1392 2176 1461 2212 per
1480 2180 1498 2207 4

139 2227 399 2275 exploratores
431 2227 574 2264 Caesar
605 2226 787 2275 cognovit
819 2234 856 2265 et
888 2233 1062 2265 montem
1093 2239 1115 2264 a
1149 2227 1227 2265 suis
1256 2226 1389 2273 teneri,
1422 2235 1458 2264 et

1483 1857 1500 1888 ιθ

138 2370 165 2399 T
186 2336 233 2400 12
247 2331 491 2366 cognoscerent
506 2326 550 2365 J:
576 2332 793 2365 cognosceret
811 2326 848 2357 X
1006 2338 1048 2358 20
1075 2328 1176 2358 Lucio
1193 2327 1315 2362 AB'B:
1344 2328 1377 2358 L.
1397 2327 1459 2358 M:

167 2394 174 2401 .
193 2380 208 2399 e
232 2393 238 2400 .
262 2379 274 2400 1
