1768 2739
627 132 669 169 C.
705 131 820 169 IVLI
853 133 1120 170 CAESARIS

170 256 187 285 8
209 245 477 284 conciderunt,
540 244 713 283 Militum
735 258 831 295 parS,
857 247 996 283 horum
1018 245 1158 284 virtute
1186 247 1392 285 summotis
1420 248 1536 286 hosti-

207 312 290 358 bus,
332 318 483 361 praeter
522 323 631 360 spem
670 308 877 349 incolumis
923 309 960 347 in
1001 316 1123 348 castra
1163 311 1347 360 pervenit,
1390 325 1476 362 pars
1515 326 1535 350 a

208 375 381 413 barbaris
411 375 678 413 circumventa
707 374 829 425 periit.

143 451 188 488 41
263 439 460 487 Germani,
480 441 685 489 desperata
706 439 994 490 expugnatione
1011 447 1235 489 castrorum,
1253 442 1361 491 quod
1382 448 1536 480 nostros

208 505 284 543 iam
312 505 533 543 constitisse
565 504 604 542 in
640 504 925 543 munitionibus
964 504 1161 554 videbant,
1195 520 1286 545 cum
1318 520 1363 545 ea
1392 507 1537 557 praeda
1556 520 1573 552 5

206 583 326 619 quam
351 569 390 607 in
418 569 522 607 silvis
550 570 815 619 deposuerant
841 576 945 607 trans
974 571 1161 609 Rhenum
1186 584 1271 610 sese
1292 578 1532 621 receperunt.

170 650 183 670 2
206 636 265 672 Ac
295 642 425 672 tantus
460 634 531 672 fuit
566 633 683 672 etiam
713 640 802 683 post
832 633 1048 672 discessum
1079 634 1251 674 hostium
1279 643 1399 674 terror
1418 642 1461 673 ut
1490 648 1535 673 ea

145 711 150 716 ¹
204 706 330 746 nocte,
366 712 456 736 cum
489 699 532 737 C.
566 699 790 736 Volusenus
827 697 966 736 missus
998 712 1088 736 cum
1121 699 1295 749 equitatu
1326 701 1377 738 ad
1411 707 1535 738 castra

204 763 384 810 venisset,
409 764 529 801 fidem
557 776 638 801 non
665 764 808 801 faceret
832 764 971 801 adesse
998 776 1088 801 eum
1116 763 1304 802 incolumi
1325 765 1534 803 Caesarem

168 842 185 872 3
206 827 386 866 exercitu.
458 828 520 866 Sic
555 827 719 866 omnino
757 826 911 866 animos
950 827 1067 866 timor
1104 836 1459 879 praeoccupaverat
1492 836 1598 866 utro

205 907 331 943 paene
359 893 527 932 alienata
555 901 686 931 mente
710 892 849 932 deletis
881 892 1066 932 omnibus
1094 893 1216 943 copiis
1247 893 1464 943 equitatum
1495 907 1536 932 se

206 972 252 996 ex
286 960 376 1008 fuga
408 958 602 1008 recepisse
633 958 818 1005 dicerent,
851 971 981 1008 neque
1015 958 1205 997 incolumi
1239 959 1410 998 exercitu
1444 960 1537 997 Ger-

165 1043 185 1073 4
206 1037 344 1062 manos
383 1032 508 1062 castra
547 1030 841 1074 oppugnaturos
880 1023 998 1062 fuisse
1037 1024 1332 1063 contenderent.
1404 1025 1536 1073 Quem

205 1088 385 1127 timorem
417 1089 595 1128 Caesaris
624 1090 817 1127 adventus
847 1089 1012 1127 sustulit.

132 1169 186 1206 42
260 1156 454 1193 Reversus
489 1154 561 1201 ille,
597 1161 758 1193 eventus
791 1153 883 1192 belli
915 1167 995 1192 non
1030 1154 1221 1205 ignorans,
1256 1167 1390 1202 unum,
1428 1155 1536 1205 quod
1559 1163 1597 1196 Ῑ5

204 1221 384 1258 cohortes
406 1234 452 1258 ex
472 1219 640 1258 statione
661 1226 699 1258 et
724 1218 919 1269 praesidio
943 1227 1072 1258 essent
1097 1219 1271 1266 emissae,
1295 1226 1456 1269 questus
1486 1232 1537 1258 ne

204 1284 368 1323 minimo
393 1285 554 1334 quidem
582 1298 675 1323 casu
705 1286 836 1323 locum
866 1283 1032 1334 relinqui
1059 1284 1253 1331 debuisse,
1277 1285 1445 1322 multum
1465 1284 1537 1322 for-

204 1357 338 1387 tunam
374 1349 412 1386 in
448 1349 653 1399 repentino
692 1348 865 1387 hostium
913 1350 1086 1387 adventu
1124 1348 1298 1398 potuisse
1336 1347 1532 1394 iudicavit,

168 1430 182 1450 2
204 1416 328 1452 multo
363 1413 479 1452 etiam
509 1413 686 1463 ampliuS,
719 1414 827 1462 quod
858 1425 984 1462 paene
1011 1412 1061 1450 ab
1091 1410 1176 1461 ipso
1205 1412 1306 1449 vallo
1334 1411 1536 1460 portisque

168 1486 416 1521 3castrorum
456 1478 641 1516 barbaros
680 1477 889 1515 avertisset.
968 1477 1145 1525 Quarum
1184 1475 1362 1514 omnium
1407 1489 1534 1513 rerum
1556 1488 1596 1509 20

203 1543 371 1581 maxime
391 1543 667 1581 admirandum
688 1542 903 1588 videbatur,
927 1542 1035 1591 quod
1057 1541 1254 1587 Germani,
1277 1540 1345 1590 qui
1372 1553 1419 1578 eo
1446 1553 1536 1578 con-

202 1608 289 1646 silio
308 1609 494 1646 Rhenum
516 1607 747 1645 transierant
767 1613 808 1644 ut
822 1605 1062 1656 Ambiorigis
1083 1605 1170 1643 finis
1190 1605 1533 1655 depopularentur,

202 1673 253 1711 ad
274 1680 398 1711 castra
420 1674 693 1710 Romanorum
714 1670 833 1710 delati
854 1670 1143 1720 optatissimum
1171 1669 1389 1720 Ambiorigi
1420 1669 1536 1708 bene-

202 1737 335 1776 ficium
357 1737 592 1776 obtulerunt.

130 1812 183 1849 43
258 1803 403 1841 Caesar
424 1815 552 1840 rursus
582 1803 633 1840 ad
649 1802 848 1840 vexandos
869 1800 992 1839 hostis
1012 1801 1211 1851 profectus
1232 1813 1376 1850 magno
1395 1806 1534 1838 coacto
1556 1811 1594 1842 25

204 1880 369 1905 numero
404 1880 450 1905 ex
488 1866 662 1904 finitimis
703 1865 923 1904 civitatibus
962 1865 1002 1903 in
1040 1865 1169 1904 omnis
1207 1864 1325 1915 partis
1359 1863 1530 1902 dimittit.

168 1950 182 1969 2
205 1931 356 1970 Omnes
376 1931 451 1969 vici
471 1938 589 1981 atque
610 1931 744 1969 omnia
764 1929 944 1969 aedificia
964 1943 1066 1980 quae
1086 1928 1252 1979 quisque
1279 1936 1535 1978 conspexerat

168 2012 184 2041 3
205 1996 516 2035 incendebantur
530 2010 541 2043 ,-
563 1996 709 2045 praeda
725 2009 771 2033 ex
791 1994 976 2032 omnibus
996 1993 1091 2032 loeis
1107 1994 1318 2044 agebatur,
1341 1994 1535 2032 frumenta

204 2074 284 2099 non
312 2061 439 2098 solum
468 2067 576 2097 tanta
606 2059 858 2098 multitudine
887 2059 1151 2096 iumentorum
1179 2065 1298 2107 atque
1326 2057 1534 2096 hominum

204 2125 539 2164 consumebantur
559 2125 629 2163 sed
650 2123 767 2162 etiam
791 2123 884 2162 anni
905 2130 1081 2173 tempore
1101 2130 1220 2173 atque
1240 2122 1429 2160 imbribus
1450 2135 1534 2172 pro·
1554 2135 1595 2166 30

204 2191 420 2228 cubuerant
454 2197 506 2237 ut,
541 2189 571 2227 si
606 2188 672 2239 qui
704 2189 821 2227 etiam
854 2189 893 2226 in
924 2188 1142 2238 praesentia
1180 2201 1221 2226 se
1259 2189 1531 2233 occultassent,

205 2262 336 2292 tamen
363 2254 422 2292 his
450 2254 623 2292 deducto
648 2254 817 2292 exercitu
848 2266 975 2292 rerum
1005 2252 1183 2291 omnium
1212 2251 1344 2301 inopia
1373 2264 1535 2301 pereun-

166 2336 186 2366 4
206 2320 300 2357 dum
322 2318 524 2357 videretur.
585 2321 644 2356 Ac
671 2331 787 2368 saepe
814 2318 852 2355 in
883 2331 973 2356 eum
1002 2318 1133 2355 locum
1154 2323 1313 2355 ventum
1334 2323 1402 2362 est,
1424 2322 1534 2353 tanto

361 2421 402 2451 28
423 2425 498 2461 post
515 2421 781 2453 incendebantur
797 2420 873 2452 add.
895 2419 1022 2452 Pecora
1040 2420 1331 2451 interficiebantur
1346 2421 1369 2454 β
