1706 2729
606 141 648 179 C.
684 141 799 179 IVLI
832 143 1100 181 CAESARIS

115 253 167 293 47
241 248 370 288 Biduo
399 256 487 299 post
516 248 731 289 Ariovistus
755 252 805 290 ad
827 253 1033 291 Caesarem
1061 254 1206 302 legatos
1233 252 1375 292 mittit:
1415 255 1513 293 velle

184 327 225 351 se
246 314 296 351 de
325 312 380 351 eis
404 314 519 352 rebus
549 328 648 364 quae
678 315 776 354 inter
803 330 869 354 eos
897 317 958 367 agi
984 325 1146 367 coeptae
1172 331 1301 368 neque
1320 319 1513 368 perfectae

184 385 313 416 essent
344 391 457 429 agere
483 392 574 417 cum
605 393 674 418 eo:
714 380 769 418 uti
798 389 865 418 aut
898 381 1036 420 iterum
1064 382 1261 432 colloquio
1289 382 1394 421 diem
1423 396 1513 421 con-

183 442 358 481 stitueret
378 450 454 490 aut,
478 444 508 481 si
530 444 570 482 id
597 445 724 483 minus
752 447 877 492 vellet,
900 460 922 484 c
948 446 1026 484 suis
1050 446 1183 496 legatis
1210 447 1380 497 aliquem
1400 448 1451 486 ad
1471 460 1512 486 Se

146 523 161 545 2
184 507 362 546 mitteret.
423 509 687 558 Colloquendi
720 510 877 549 Caesari
911 524 1028 549 causa
1061 511 1141 549 visa
1171 525 1251 550 non
1286 519 1354 558 est,
1388 519 1426 550 et
1464 525 1511 550 eo
1531 527 1548 559 5

183 571 304 621 magis
326 573 434 622 quod
459 572 584 622 pridie
611 573 693 611 eius
720 574 797 612 diei
826 575 1011 613 Germani
1041 575 1194 614 retineri
1220 589 1299 614 non
1332 583 1511 626 poterant

145 654 161 684 3
182 636 277 686 quin
297 636 336 674 in
357 644 509 675 nostros
531 639 607 676 tela
630 638 836 677 coicerent.
886 641 1075 689 Legatum
1100 654 1122 678 e
1148 640 1226 678 suis
1253 654 1338 679 sese
1368 653 1509 690 magno

118 732 123 737 ,
181 714 271 738 cum
306 701 479 751 periculo
507 702 558 740 ad
587 716 678 740 eum
706 702 913 740 missurum
943 711 981 741 et
1010 703 1236 742 hominibus
1265 704 1352 742 seris
1382 704 1508 742 obiec-

141 776 161 806 4
181 772 309 803 turum
340 765 594 804 existimabat.
669 767 1046 806 Commodissimum
1076 768 1201 806 visum
1233 776 1291 807 est
1321 770 1364 808 C.
1397 770 1509 807 Vale-

180 829 278 867 rium
310 830 530 877 Procillum,
559 832 602 870 C.
626 831 755 869 Valeri
781 831 927 871 Caburi
956 831 1090 879 filium,
1119 845 1273 870 summa
1301 832 1440 871 virtute
1469 840 1507 871 et
1530 850 1567 872 10

178 894 421 933 humanitate
450 896 756 942 adulescentem,
787 896 897 934 cuius
926 904 1034 946 pater
1062 910 1085 935 a
1111 898 1154 936 C.
1178 896 1334 936 Valerio
1366 899 1506 935 Flacco

177 958 332 997 civitate
362 960 530 997 donatus
560 967 650 1006 erat,
682 967 720 997 et
751 968 908 1010 propter
946 961 1064 999 fidem
1097 968 1134 999 et
1167 968 1324 1011 propter
1352 961 1506 1011 linguae

178 1023 351 1061 Gallicae
371 1023 584 1069 scientiam,
607 1037 685 1073 qua
706 1026 827 1062 multa
850 1024 927 1062 iam
948 1024 1164 1063 Ariovistus
1184 1024 1397 1074 longinqua
1417 1038 1508 1063 con-

177 1087 384 1126 suetudine
405 1088 595 1134 utebatur,
619 1096 656 1126 et
680 1089 789 1137 quod
815 1088 855 1126 in
879 1102 926 1127 eo
952 1089 1142 1138 peccandi
1164 1089 1369 1127 Germanis
1389 1103 1505 1128 causa

177 1166 256 1190 non
296 1159 408 1198 esset,
441 1153 491 1190 ad
530 1166 621 1191 eum
653 1153 816 1199 mittere,
845 1161 883 1191 et
915 1155 969 1191 M.
998 1153 1195 1200 Mettium,
1229 1153 1295 1204 qui
1334 1153 1504 1204 hospitio
1528 1173 1563 1204 15

139 1226 155 1256 5
177 1216 361 1254 Ariovisti
396 1217 586 1254 utebatur.
648 1217 724 1255 His
765 1217 964 1256 mandavit
1002 1225 1044 1256 ut
1082 1231 1183 1268 quae
1216 1218 1362 1256 diceret
1395 1217 1503 1256 Ario-

137 1286 156 1317 6
177 1281 296 1319 vistus
317 1289 599 1331 cognoscerent
626 1289 664 1319 et
687 1283 739 1320 ad
765 1295 806 1320 se
833 1284 1025 1321 referrent.
1086 1284 1199 1331 Quos
1225 1296 1316 1320 cum
1335 1283 1441 1332 apud
1461 1296 1502 1321 se

175 1345 214 1382 in
248 1345 380 1383 castris
415 1345 632 1384 Ariovistus
671 1346 946 1396 conspexisset,
983 1346 1152 1385 exercitu
1191 1360 1262 1385 suo
1299 1354 1502 1397 praesente

174 1409 432 1448 conclamavit
452 1425 458 1447 :
494 1410 603 1458 Quid
623 1412 673 1448 ad
697 1424 738 1448 se
758 1410 932 1449 venirent
949 1412 965 1448 ?
1021 1414 1084 1449 An
1105 1411 1333 1461 speculandi
1353 1413 1501 1450 causa?

175 1473 365 1514 Conantis
386 1474 515 1512 dicere
536 1473 735 1523 prohibuit
755 1482 793 1512 et
813 1475 852 1512 in
874 1482 1030 1513 catenas
1051 1475 1199 1513 coiecit.
1522 1488 1559 1510 20

100 1540 153 1587 48
228 1539 382 1577 Eodem
417 1538 481 1576 die
512 1546 636 1576 castra
669 1538 863 1588 promovit
897 1546 935 1577 et
968 1538 1124 1577 milibus
1162 1552 1347 1589 passuum
1379 1553 1444 1578 sex
1477 1553 1496 1577 a

138 1621 151 1641 2
174 1602 349 1641 Caesaris
383 1601 516 1640 castris
554 1603 627 1640 sub
662 1610 796 1640 monte
827 1602 1015 1641 consedit.
1076 1603 1268 1642 Postridie
1301 1603 1383 1642 eius
1421 1603 1498 1642 diei

171 1674 322 1716 praeter
342 1673 465 1704 castra
485 1666 662 1705 Caesaris
692 1680 780 1704 suas
809 1666 942 1716 copias
972 1666 1140 1705 traduxit
1169 1674 1207 1705 et
1236 1667 1393 1706 milibus
1416 1680 1499 1717 pas-

172 1743 286 1768 suum
307 1730 463 1768 duobus
483 1731 582 1768 ultra
602 1743 693 1768 eum
713 1737 838 1769 castra
857 1730 959 1777 fecit,
975 1744 1023 1769 eo
1042 1731 1208 1769 consilio
1226 1731 1282 1769 uti
1303 1733 1497 1769 frumento

171 1801 474 1843 commeatuque
512 1794 580 1844 qui
618 1808 664 1833 ex
709 1795 899 1844 Sequanis
944 1802 982 1833 et
1020 1795 1169 1834 Aeduis
1208 1803 1497 1846 supportaretur
1519 1808 1555 1840 25

135 1870 152 1899 3
172 1859 378 1897 Caesarem
400 1858 684 1897 intercluderet.
745 1861 803 1897 Ex
830 1871 878 1897 eo
904 1858 968 1897 die
992 1858 1075 1897 dies
1096 1859 1303 1898 continuos
1323 1859 1497 1910 quinque

171 1923 314 1961 Caesar
333 1935 403 1972 pro
423 1921 556 1960 castris
580 1935 668 1960 suas
694 1922 826 1972 copias
853 1922 1035 1972 produxit
1064 1931 1102 1961 et
1124 1923 1249 1962 aciem
1269 1923 1495 1962 instructam

171 1985 317 2031 habuit,
336 1993 387 2032 ut,
411 1985 442 2023 si
462 1987 577 2024 vellet
593 1985 808 2025 Ariovistus
829 1986 977 2037 proelio
997 1989 1247 2034 contendere,
1269 1987 1305 2026 ei
1324 1995 1495 2038 potestas

133 2067 151 2096 4
172 2063 250 2088 non
271 2051 434 2089 deesset.
472 2049 687 2088 Ariovistus
704 2051 762 2089 his
779 2051 963 2089 omnibus
983 2051 1122 2090 diebus
1136 2052 1347 2091 exercitum
1363 2052 1495 2091 castris

133 2129 149 2158 5
170 2114 372 2161 continuit,
408 2115 577 2164 equestri
610 2115 758 2165 proelio
789 2116 932 2154 cotidie
970 2116 1183 2155 contendit.
1253 2119 1388 2156 Genus
1418 2118 1494 2155 hoc
1513 2127 1554 2158 30

171 2185 249 2215 erat
278 2193 442 2229 pugnae,
465 2193 545 2230 quo
574 2193 615 2218 se
636 2180 821 2219 Germani
851 2189 1110 2219 exercuerant.
1171 2180 1359 2231 Equitum
1389 2180 1493 2218 milia

169 2250 277 2279 erant
297 2256 373 2289 sex,
396 2244 560 2283 totidem
587 2258 751 2283 numero
777 2245 928 2295 pedites
952 2244 1185 2284 velocissimi
1211 2258 1256 2283 ac
1283 2244 1490 2291 fortissimi,

169 2319 267 2355 quos
288 2320 333 2345 ex
353 2308 461 2346 omni
481 2308 595 2359 copia
618 2309 757 2359 singuli
782 2309 953 2359 singulos
980 2323 1072 2348 suae
1096 2309 1227 2348 salutis
1252 2322 1367 2348 causa
1390 2310 1492 2348 dele-

515 2411 536 2440 6
557 2415 711 2449 poterant
727 2410 779 2443 X:
806 2416 987 2450 potuerant
1004 2412 1149 2452 Scabjgcr
