1768 2739
762 165 808 200 A.
843 163 1008 200 HIRTI

225 282 334 323 teret,
347 274 533 326 pontibus
548 273 692 325 palude
712 278 907 312 constrata
923 272 1095 323 legiones
1111 273 1279 313 traducit
1298 275 1552 326 celeriterque

224 341 262 378 in
302 353 496 378 summam
528 338 730 389 planitiem
761 338 839 388 iugi
874 338 1059 388 pervenit,
1095 351 1195 388 quae
1226 338 1368 377 declivi
1399 339 1552 390 fastigio

185 413 202 443 5
224 406 380 444 duobus
407 405 458 443 ab
479 404 663 442 lateribus
688 403 947 442 muniebatur.
1022 403 1084 441 Ibi
1108 403 1327 453 legionibus
1355 404 1552 443 instructis

221 472 272 509 ad
294 470 474 508 ultimum
496 469 629 518 iugum
645 468 820 518 pervenit
836 468 1041 518 aciemque
1057 481 1105 507 eo
1121 470 1208 507 1000
1224 468 1426 508 constituit
1446 470 1552 509 unde

223 543 420 574 tormento
440 534 557 573 missa
578 535 654 572 tela
674 533 714 571 in
735 533 907 571 hostium
930 546 1076 571 cuneos
1098 533 1196 571 coici
1217 541 1387 584 possent.

162 606 205 643 15
279 600 438 638 Barbari
460 599 597 637 confisi
624 598 701 636 loci
727 606 863 636 natura
891 611 982 636 cum
1005 597 1193 637 dimicare
1213 611 1294 637 non
1316 607 1548 647 recusarent,

223 666 253 703 si
284 668 381 704 forte
410 664 582 703 Romani
609 663 739 701 subire
765 664 907 701 collem
935 670 1179 710 conarentur,
1200 664 1389 714 paulatim
1418 664 1552 715 copias

221 731 446 769 distributas
463 729 658 768 dimittere
679 741 760 767 non
780 736 951 778 possent,
970 741 1019 766 ne
1040 728 1203 777 dispersi
1224 730 1549 778 perturbarentur,

184 812 198 832 2
221 796 260 834 in
281 795 364 834 acie
384 800 691 845 permanserunt.
771 794 951 842 Quorum
978 793 1192 843 pertinacia
1218 794 1374 843 cognita
1395 795 1549 842 Caesar,

221 873 279 898 xx
307 860 535 899 cohortibus
559 859 756 897 instructis
786 859 1000 909 castrisque
1031 872 1079 897 eo
1108 861 1196 897 loco
1221 859 1385 907 metatis,
1409 859 1552 898 muniri

182 939 199 969 3
221 926 329 964 iubet
345 933 478 964 castra.
525 924 728 963 Absolutis
742 924 936 974 operibus,
956 937 1026 974 pro
1042 925 1143 962 vallo
1156 923 1329 973 legiones
1345 924 1551 962 instructas

182 1005 201 1034 4
220 992 396 1037 collocat,
421 990 573 1040 equites
604 989 762 1028 frenatis
783 989 893 1038 equis
914 989 954 1026 in
975 988 1142 1027 statione
1171 989 1355 1039 disponit.
1427 990 1552 1027 Bello-

220 1055 314 1102 vaci,
330 1069 420 1093 cum
444 1057 648 1093 Romanos
668 1055 719 1093 ad
739 1054 1029 1103 insequendum
1050 1060 1205 1104 paratos
1225 1054 1402 1093 viderent
1422 1067 1551 1103 neque

220 1127 448 1170 pernoctare
468 1127 534 1158 aut
556 1119 701 1158 diutius
729 1132 958 1169 permanere
988 1119 1072 1157 sine
1096 1119 1271 1169 periculo
1298 1120 1440 1157 eodem
1460 1120 1550 1157 loco

183 1199 198 1230 5
219 1192 391 1235 possent,
415 1187 490 1223 tale
511 1184 720 1223 consilium
748 1184 805 1221 sui
835 1183 1049 1234 recipiendi
1071 1191 1268 1234 ceperunt.
1332 1186 1483 1231 FasceS,
1508 1192 1550 1222 ut

220 1258 514 1297 consueverant,
557 1263 626 1299 per
673 1263 814 1288 manus
860 1256 1164 1288 stramentorum
1198 1263 1244 1287 ac
1282 1249 1547 1299 virgultorum,

219 1329 385 1366 quorum
414 1329 567 1354 summa
593 1322 673 1354 erat
700 1315 739 1352 in
767 1314 900 1353 castris
928 1314 1052 1364 copia,
1077 1315 1176 1353 inter
1205 1328 1246 1353 se
1270 1314 1432 1353 traditos
1458 1322 1550 1353 ante

217 1380 342 1419 aciem
372 1381 623 1426 collocarunt,
653 1387 906 1429 extremoque
933 1387 1110 1430 tempore
1139 1379 1216 1418 diei
1241 1379 1352 1429 signo
1381 1392 1550 1430 pronun-

180 1448 199 1479 6
219 1446 313 1484 tiato
352 1458 431 1483 uno
470 1453 646 1494 tempore
689 1444 959 1482 incenderunt.
1048 1446 1108 1482 Ita
1146 1444 1352 1483 continens
1391 1445 1549 1483 flamma

217 1510 350 1560 copias
371 1510 498 1548 omnis
520 1516 679 1560 repente
699 1523 721 1547 a
741 1517 956 1559 conspectu
977 1509 1070 1548 texit
1092 1511 1379 1548 Romanorum.
1426 1510 1548 1558 Quod

218 1575 284 1613 ubi
305 1575 459 1621 accidit,
483 1574 635 1613 barbari
656 1574 1003 1612 vehementissimo
1024 1588 1139 1612 cursu
1159 1576 1395 1624 refugerunt.

152 1641 198 1678 16
273 1640 425 1686 Caesar,
443 1639 513 1678 etsi
530 1639 747 1678 discessum
769 1639 942 1677 hostium
963 1639 1273 1679 animadvertere
1294 1653 1375 1678 non
1397 1647 1550 1691 poterat

218 1704 409 1742 incendiis
442 1704 643 1754 oppositis,
678 1712 810 1742 tamen
844 1704 885 1742 id
919 1704 1127 1743 consilium
1163 1719 1254 1743 cum
1283 1707 1397 1756 fugae
1432 1719 1548 1744 causa

217 1769 357 1807 initum
390 1768 661 1819 suspicaretur,
699 1769 873 1819 legiones
909 1778 1124 1819 promovet,
1160 1778 1306 1808 turmas
1342 1770 1459 1808 mittit
1497 1771 1548 1809 ad

217 1833 531 1884 insequendum,
561 1834 645 1884 ipse
666 1833 809 1872 veritus
832 1834 1004 1881 insidias,
1028 1849 1077 1873 ne
1098 1837 1196 1874 forte
1222 1835 1261 1873 in
1289 1836 1431 1874 eodem
1458 1836 1547 1873 loco

217 1899 427 1938 subsistere
457 1898 579 1937 hostis
609 1906 728 1949 atque
758 1899 898 1938 elicere
928 1907 1081 1938 nostros
1112 1900 1151 1938 in
1181 1902 1314 1939 locum
1341 1907 1547 1939 conaretur

180 1983 194 2003 2
216 1964 406 2014 iniquum,
431 1964 576 2002 tardius
605 1964 794 2013 procedit.
856 1965 1020 2014 Equites
1041 1978 1132 2003 cum
1160 1965 1302 2004 intrare
1329 1967 1481 2003 fumum
1509 1972 1547 2003 et

216 2031 415 2067 flammam
451 2028 725 2068 densissimam
760 2029 943 2068 timerent
972 2043 1029 2077 ac,
1056 2030 1087 2068 si
1118 2030 1185 2080 qui
1218 2031 1399 2081 cupidius
1433 2030 1548 2068 intra-

215 2102 360 2141 verant,
384 2094 447 2132 vix
467 2107 628 2132 suorum
649 2094 723 2145 ipsi
744 2094 891 2144 priores
912 2095 1030 2145 partis
1051 2095 1407 2134 animadverterent
1427 2108 1546 2145 equo-

1574 548 1590 578 5

1576 872 1613 893 lo

1572 1196 1608 1228 15

1570 1525 1609 1546 20

1569 1847 1604 1879 ²5

215 2173 312 2207 rum,
336 2159 496 2199 insidias
524 2159 633 2198 veriti
655 2159 818 2198 liberam
840 2162 1066 2199 facultatem
1091 2160 1150 2199 sui
1177 2161 1392 2210 recipiendi
1419 2162 1545 2199 Bello·
1565 2169 1605 2200 30

259 2270 275 2303 7
301 2263 528 2302 paulatimque
552 2265 575 2298 β
707 2264 728 2293 8
753 2268 893 2303 possent
918 2275 960 2295 a:
995 2264 1161 2295 auderent
1184 2265 1207 2299 β
1344 2274 1380 2303 15
1406 2269 1442 2295 ut
1467 2274 1545 2295 con-

215 2312 395 2338 sueverant
412 2319 451 2337 a:
478 2307 532 2337 ubi
560 2307 785 2337 consederant
801 2309 843 2342 B:
871 2307 956 2337 unde
972 2318 1115 2347 namque
1140 2309 1173 2338 in
1197 2308 1268 2338 acie
1290 2308 1412 2338 sedere
1429 2307 1545 2338 Gallos

216 2359 401 2380 consuesse
419 2351 651 2389 superioribus
667 2351 917 2381 commentariis
935 2351 1090 2381 Caesaris
1107 2350 1313 2383 declaratum
1331 2356 1382 2381 est
1399 2351 1474 2382 add.
1492 2351 1544 2382 X:

215 2393 272 2423 del.
308 2393 419 2424 [Vassc
552 2404 592 2432 24
618 2395 781 2432 promovit
810 2394 856 2434 (Sc
883 2393 957 2426 add.
980 2394 1036 2435 B')
1056 2407 1075 2425 a
1164 2400 1290 2425 turmas
1312 2395 1411 2425 mittit
1435 2405 1498 2426 om.
1526 2406 1545 2424 α

217 2446 256 2474 27
283 2436 407 2466 fumum
425 2439 466 2471 B:
492 2447 658 2467 summum
675 2438 787 2475 iugum
803 2448 822 2466 α
