1768 2739
432 171 507 207 DE
538 168 717 207 BELLO
746 167 991 206 GALLICO
1022 167 1123 204 LIB.
1156 167 1192 202 V

152 279 409 319 familiaritate
430 275 687 328 Cingetorigis
710 275 871 314 adducti
892 282 930 313 et
948 276 1121 314 adventu
1142 274 1263 313 nostri
1283 274 1473 313 exercitus

151 343 339 395 perterriti
365 344 416 382 ad
447 344 656 382 Caesarem
687 346 878 379 venerunt
904 346 942 378 et
968 341 1019 379 de
1046 338 1124 378 suis
1151 338 1329 389 privatim
1357 339 1473 377 rebus

151 410 202 448 ab
239 423 287 448 eo
325 416 455 459 petere
492 413 717 456 coeperunt,
745 404 933 455 quoniam
972 404 1116 443 civitati
1151 405 1355 443 consulere
1393 417 1472 442 non

151 482 322 525 possent,
355 472 497 513 veritus
529 485 579 510 ne
611 472 662 510 ab
691 471 876 510 omnibus
905 471 1148 509 desereretur
1180 469 1474 508 Indutiomarus

113 554 130 585 5
151 540 298 588 legatos
324 537 375 576 ad
397 538 604 576 Caesarem
639 536 779 574 mittit:
810 549 895 573 sese
921 534 1068 574 idcirco
1094 535 1145 572 ab
1168 534 1247 572 suis
1272 533 1474 572 discedere
1494 540 1513 571 6

150 612 268 654 atque
301 604 351 642 ad
385 616 475 641 eum
510 602 642 641 venire
680 602 852 640 noluisse
885 614 965 651 quo
1004 599 1154 639 facilius
1204 599 1399 638 civitatem
1435 598 1474 636 in

151 668 279 707 officio
300 667 527 714 contineret,
546 681 594 705 ne
615 667 742 706 omnis
767 665 980 705 nobilitatis
1001 665 1175 704 discessu
1192 664 1303 714 plebs
1319 670 1476 713 propter

151 733 453 783 imprudentiam
469 733 671 771 laberetur.
723 734 862 781 Itaque
883 745 967 770 esse
988 731 1183 769 civitatem
1205 730 1243 768 in
1265 743 1335 767 sua
1349 736 1476 778 potes·
1498 740 1513 772 7

151 805 229 835 tate
250 811 380 847 seque,
398 796 429 835 si
446 798 589 836 Caesar
605 796 854 846 permitteret,
871 797 923 834 ad
943 809 1033 834 eum
1051 795 1089 833 in
1111 802 1235 833 castra
1254 799 1473 839 venturum,

95 875 134 897 10
152 874 241 899 suas
261 861 504 911 civitatisque
524 863 698 899 fortunas
719 860 801 899 eius
823 859 915 899 fidei
935 859 1224 909 permissurum.

206 927 360 973 Caesar,
401 925 473 965 etsi
511 926 761 976 intellegebat
799 939 878 976 qua
918 926 969 964 de
1015 938 1132 963 causa
1169 937 1215 962 ea
1253 923 1519 965 dicerentur4

153 1005 332 1041 quaeque
363 1005 453 1030 eum
487 1005 546 1030 res
578 992 630 1029 ab
663 990 841 1030 instituto
875 989 1040 1029 consilio
1077 991 1298 1036 deterreret,
1330 996 1474 1033 tamen,

154 1070 203 1094 ne
232 1063 419 1095 aestatem
450 1056 488 1094 in
510 1055 688 1095 Treveris
717 1069 950 1094 consumere
979 1062 1182 1105 cogeretur
1211 1053 1396 1093 omnibus
1425 1053 1476 1091 ad

156 1119 423 1159 Britannicum
445 1120 591 1159 bellum
617 1120 731 1158 rebus
755 1119 1000 1170 comparatis,
1020 1118 1335 1158 Indutiomarum
1359 1119 1410 1156 ad
1436 1131 1476 1156 se

96 1199 133 1230 15
154 1198 244 1222 cum
268 1184 447 1223 ducentis
477 1183 682 1223 obsidibus
708 1184 839 1223 venire
863 1183 982 1222 iussit.
1045 1183 1120 1222 His
1144 1182 1336 1229 adductis,
1360 1182 1398 1220 in
1421 1182 1475 1221 eis
1498 1198 1512 1219 2

153 1248 233 1287 filio
273 1248 581 1299 propinquisque
624 1248 707 1286 eius
750 1248 935 1286 omnibus
973 1259 1074 1297 quos
1113 1246 1347 1286 nominatim
1389 1260 1476 1285 evo-

152 1321 315 1360 caverat,
350 1314 573 1352 consolatus
607 1312 922 1352 Indutiomarum
957 1314 1212 1362 hortatusque
1253 1319 1311 1350 est
1342 1311 1397 1350 uti
1436 1311 1475 1350 in

151 1377 281 1415 officio
302 1384 475 1415 maneret
491 1392 499 1424 ς
526 1377 648 1415 nihilo
669 1385 800 1415 tamen
822 1376 941 1415 setius
962 1375 1203 1427 principibus
1218 1378 1475 1415 Treverorum
1498 1389 1515 1419 3

151 1444 202 1481 ad
219 1457 259 1481 se
274 1442 500 1482 convocatis
516 1444 589 1482 hos
609 1442 832 1492 singillatim
847 1441 1086 1492 Cingetorigi
1104 1440 1341 1481 conciliavit:
1368 1442 1477 1491 quod

97 1522 135 1544 20
153 1522 243 1547 cum
269 1508 407 1547 merito
431 1508 514 1547 eius
534 1522 558 1546 a
577 1522 618 1547 se
643 1508 724 1546 fieri
746 1508 1007 1557 intellegebat,
1030 1515 1113 1545 tum
1139 1507 1270 1557 magni
1291 1507 1477 1545 interesse

152 1573 410 1612 arbitrabatur
440 1573 523 1612 eius
557 1573 828 1612 auctoritatem
863 1572 963 1611 inter
992 1586 1084 1611 suos
1114 1585 1232 1622 quam
1265 1572 1476 1622 plurimum

153 1639 290 1683 valere,
318 1637 428 1676 cuius
458 1645 538 1675 tam
568 1637 760 1687 egregiam
791 1637 830 1675 in
860 1650 901 1675 se
932 1638 1173 1675 voluntatem
1204 1636 1474 1686 perspexisset.

156 1703 204 1740 Id
234 1701 319 1739 tulit
349 1703 494 1740 factum
523 1701 687 1751 graviter
716 1701 1020 1747 Indutiomarus,
1047 1713 1157 1739 suam
1186 1700 1347 1750 gratiam
1378 1699 1478 1739 inter
1496 1711 1515 1741 4

155 1779 246 1804 suos
274 1765 408 1813 minui,
431 1773 469 1804 et
489 1765 556 1816 qui
590 1765 666 1804 iam
700 1773 791 1804 ante
820 1765 981 1804 inimico
1007 1764 1047 1803 in
1075 1777 1147 1803 nos
1177 1764 1311 1803 animo
1342 1764 1477 1804 fuisset

98 1842 134 1873 25
156 1832 280 1869 multo
300 1830 451 1880 gravius
471 1832 548 1869 hoc
568 1832 703 1869 dolore
724 1831 872 1869 exarsit.

210 1894 286 1932 His
327 1895 443 1933 rebus
484 1894 716 1941 constitutis,
758 1896 902 1934 Caesar
939 1896 991 1934 ad
1029 1901 1185 1944 portum
1226 1893 1345 1933 Itium
1385 1908 1475 1933 cum
1495 1903 1520 1942 5

154 1958 374 2008 legionibus
395 1958 579 2008 pervenit.
632 1958 693 1997 Ibi
714 1958 916 2009 cognoscit
938 1971 991 1997 Lx
1015 1959 1134 2006 navis,
1150 1972 1251 2009 quae
1272 1959 1311 1997 in
1330 1958 1476 1998 Meldis
1498 1975 1513 1996 2

155 2025 279 2062 factae
297 2030 416 2070 erant,
439 2030 671 2073 tempestate
692 2023 853 2062 reiectas
874 2036 1031 2062 cursum
1048 2031 1180 2062 tenere
1201 2037 1281 2062 non
1302 2022 1477 2072 potuisse

154 2096 272 2138 atque
311 2089 453 2127 eodem
501 2089 608 2126 unde
648 2095 756 2126 erant
794 2089 991 2138 profectae
1036 2087 1260 2126 revertisse:
1309 2087 1476 2137 reliquas

98 2171 137 2201 30
155 2161 306 2203 paratas
344 2155 395 2192 ad
434 2152 696 2203 navigandum
734 2160 852 2202 atque
890 2152 1075 2192 omnibus
1115 2153 1230 2191 rebus
1270 2152 1476 2190 instructas

155 2217 312 2257 invenit.
374 2219 527 2257 Eodem
552 2217 746 2268 equitatus
773 2217 891 2256 totius
917 2217 1067 2257 Galliae
1093 2216 1288 2264 convenit,
1312 2230 1476 2256 numero
1497 2226 1515 2256 3

156 2283 307 2321 milium
337 2289 530 2332 quattuor,
557 2281 830 2332 principesque
859 2295 906 2320 ex
932 2281 1117 2320 omnibus
1147 2281 1368 2320 civitatibus
1382 2295 1392 2329 ,·
1430 2295 1476 2319 ex
1494 2290 1514 2321 4

156 2347 299 2397 quibus
328 2359 556 2397 perpaucos,
587 2359 754 2396 quorum
784 2345 824 2384 in
854 2359 896 2385 se
924 2347 1044 2386 fidem
1079 2353 1335 2397 perspexerat,
1367 2345 1476 2385 relin-

424 2459 442 2487 4
468 2453 609 2487 possent
626 2447 709 2480 codd.
730 2452 885 2489 quattuor
897 2448 986 2480 deler.
1006 2459 1010 2478 :
1038 2453 1154 2488 posset
1170 2447 1205 2478 X
1379 2487 1418 2516 6*
