1768 2739
651 136 694 173 (j.
729 136 844 173 IVLI
876 136 1144 174 CAESARIS

237 261 417 296 aggerem
461 248 582 284 latum
623 248 744 297 pedes
788 259 966 295 cccxxx,
1016 250 1138 286 altum
1188 249 1309 298 pedes
1359 260 1472 286 Lxxx
1507 262 1566 286 cx-

202 325 215 345 2
238 318 468 349 struxerunt.
530 312 633 351 Cum
664 310 694 349 is
720 323 873 350 murum
905 312 1076 349 hostium
1105 325 1230 361 paene
1257 310 1500 362 contingeret
1528 320 1567 351 et

239 377 383 415 Caesar
414 377 464 414 ad
499 389 598 426 opus
629 376 916 415 consuetudine
951 376 1159 415 excubaret
1191 376 1412 427 militesque
1442 378 1567 416 horta-

238 448 341 479 retur
372 455 422 479 ne
453 442 561 491 quod
601 441 764 480 omnino
803 448 958 491 tempus
996 441 1046 479 ab
1086 455 1203 491 opere
1238 441 1564 489 intermitteretur,

238 508 357 556 paulo
404 513 496 545 ante
539 506 691 545 tertiam
730 506 899 556 vigiliam
949 514 1006 545 est
1053 506 1369 546 animadversum
1419 509 1606 550 fumare5

201 585 219 614 3
238 585 428 622 aggerem,
461 585 579 622 quem
611 571 794 610 cuniculo
824 573 956 610 hostes
996 573 1308 619 succenderant,
1347 573 1568 623 eodemque

239 644 416 687 tempore
457 644 541 675 toto
585 650 697 675 muro
739 639 908 675 clamore
953 638 1117 684 sublato,
1161 639 1315 676 duabus
1357 638 1477 688 portis
1517 639 1568 676 ab

142 715 147 720 “
200 710 407 751 4utroque
437 704 555 740 latere
594 701 755 740 turrium
796 702 947 751 eruptio
987 703 1114 740 fiebat.
1193 702 1270 741 Alii
1308 704 1412 741 faces
1450 711 1568 753 atque

239 767 387 805 aridam
429 766 629 805 materiem
663 768 712 805 de
749 780 859 805 muro
895 767 932 804 in
965 780 1143 817 aggerem
1177 767 1329 806 eminus
1360 767 1564 815 iaciebant,

240 832 367 881 picem
401 831 648 882 reliquasque
683 846 741 870 res
774 832 917 881 quibus
948 831 1047 881 ignis
1082 831 1238 870 excitari
1271 839 1400 881 potest
1432 834 1568 871 funde·
1591 845 1630 868 10

242 898 348 943 bant,
380 905 422 935 ut
452 911 531 947 quo
561 897 729 947 primum
761 904 976 935 curreretur
1005 905 1072 935 aut
1101 896 1164 935 cui
1194 897 1247 935 rei
1277 899 1438 936 ferretur
1466 897 1568 936 auxi-

203 971 219 999 5
241 960 336 998 lium
357 961 419 998 vix
441 961 537 999 ratio
559 961 644 999 iniri
671 969 813 1010 posset.
874 963 1038 1008 Tamen,
1055 962 1163 1011 quod
1191 961 1369 1000 instituto
1391 961 1568 1001 Caesaris

242 1039 396 1075 semper
435 1027 536 1064 duae
575 1025 749 1075 legiones
788 1039 858 1075 pro
899 1025 1032 1063 castris
1072 1026 1322 1064 excubabant
1359 1028 1569 1077 pluresque

241 1091 389 1141 partitis
420 1090 664 1141 temporibus
694 1098 802 1129 erant
832 1091 871 1128 in
902 1105 1031 1141 opere,
1058 1091 1234 1130 celeriter
1262 1093 1409 1131 factum
1439 1099 1498 1131 est
1526 1099 1569 1130 ut

240 1155 304 1194 alii
333 1155 606 1205 eruptionibus
634 1156 856 1194 resisterent
879 1155 943 1194 alii
972 1156 1084 1194 turris
1112 1158 1345 1196 reducerent
1373 1171 1568 1207 aggerem·
1591 1173 1628 1205 15

241 1235 318 1270 que
348 1220 683 1267 interscinderent,
721 1220 849 1259 omnis
889 1234 979 1260 vero
1019 1235 1065 1259 ex
1104 1222 1237 1260 castris
1277 1222 1489 1261 multitudo
1517 1224 1568 1261 ad

241 1284 562 1335 restinguendum
593 1294 850 1325 concurreret.

172 1355 222 1393 25
296 1352 398 1390 Cum
442 1350 482 1388 in
523 1350 708 1388 omnibus
742 1350 848 1397 locis,
891 1359 1126 1401 consumpta
1165 1351 1240 1389 iam
1281 1352 1428 1402 reliqua
1462 1360 1569 1402 parte

243 1414 380 1462 noctis,
432 1423 668 1465 pugnaretur
715 1429 948 1465 semperque
1005 1415 1183 1453 hostibus
1241 1417 1328 1465 spes
1385 1416 1570 1455 victoriae

244 1479 577 1530 redintegraretur,
619 1494 667 1518 eo
706 1480 826 1530 magis
868 1482 976 1530 quod
1015 1482 1175 1519 deustos
1214 1483 1368 1531 pluteos
1407 1481 1569 1520 turrium
1593 1498 1632 1519 20

244 1544 431 1583 videbant
470 1558 543 1583 nec
574 1544 687 1583 facile
725 1544 831 1583 adire
870 1552 1023 1594 apertos
1062 1547 1113 1584 ad
1151 1545 1419 1584 auxiliandum
1450 1546 1571 1584 anim-

244 1611 507 1657 advertebant,
541 1623 773 1660 semperque
808 1610 880 1660 ipsi
913 1618 1087 1649 recentes
1122 1610 1285 1649 defessis
1315 1613 1571 1650 succederent

244 1688 483 1724 omnemque
505 1674 655 1713 Galliae
676 1676 841 1713 salutem
863 1674 901 1712 in
926 1674 993 1713 illo
1013 1675 1175 1725 vestigio
1197 1676 1382 1725 temporis
1403 1676 1571 1726 positam

244 1740 530 1786 arbitrarentur,
571 1739 714 1778 accidit
756 1739 1066 1789 inspectantibus
1107 1740 1222 1779 nobis
1261 1742 1369 1791 quod
1408 1741 1570 1792 dignum

246 1804 434 1844 memoria
505 1804 632 1844 visum
698 1806 1027 1854 praetereundum
1096 1818 1177 1845 non
1252 1805 1568 1845 existimavimus.
1593 1820 1632 1852 25

208 1881 221 1901 2
245 1870 418 1918 Quidam
454 1877 546 1907 ante
585 1878 737 1919 portam
777 1869 913 1919 oppidi
953 1871 1089 1908 Gallus
1129 1884 1196 1920 per
1235 1884 1374 1909 manus
1414 1870 1498 1909 sebi
1526 1884 1573 1909 ac

244 1933 340 1984 picis
371 1934 530 1973 traditas
557 1935 714 1984 glaebas
742 1934 781 1972 in
808 1933 938 1983 ignem
960 1948 981 1973 e
1002 1934 1159 1984 regione
1190 1935 1301 1974 turris
1331 1935 1573 1985 proiciebat:

245 1999 452 2048 scorpione
472 1999 523 2037 ab
543 2000 661 2037 latere
682 2000 819 2037 dextro
840 1998 1022 2038 traiectus
1043 1999 1365 2050 exanimatusque
1386 2000 1570 2039 concidit.

208 2072 224 2099 3
248 2066 370 2101 Hunc
400 2077 446 2101 ex
475 2063 660 2113 proximis
691 2078 791 2102 unus
822 2064 1014 2102 iacentem
1046 2072 1305 2114 transgressus
1335 2067 1477 2104 eodem
1507 2064 1573 2103 illo

246 2142 407 2166 munere
434 2128 690 2177 fungebatur3
732 2129 870 2166 eadem
905 2128 1055 2167 ratione
1086 2129 1165 2168 ictu
1198 2129 1414 2180 scorpionis
1449 2129 1574 2168 exani-
1594 2148 1635 2178 30

205 2203 227 2234 4
247 2199 353 2229 mato
383 2191 492 2230 alteri
527 2192 713 2230 successit
748 2192 881 2231 tertius
913 2200 951 2232 et
981 2193 1093 2232 tertio
1132 2202 1319 2244 quartus3
1362 2208 1435 2233 nec
1469 2194 1574 2245 prius

249 2256 312 2294 ille
353 2264 411 2295 est
450 2270 472 2295 a
520 2257 875 2307 propugnatoribus
923 2271 1068 2297 vacuus
1110 2258 1264 2298 relictus
1305 2260 1414 2298 locus
1455 2272 1573 2309 quam

534 2369 545 2388 1
572 2358 674 2389 latum
692 2358 744 2390 X:
770 2359 905 2397 longum
918 2369 982 2390 von
1000 2359 1097 2392 Gcsler
1183 2361 1288 2393 altum
1304 2360 1341 2392 Χ
