1768 2739
449 128 522 163 DE
554 127 732 163 BELLO
763 126 1007 164 GALLICO
1040 126 1140 162 LIB.
1175 126 1232 162 IV

179 236 425 286 exspectavit.
469 236 642 282 Interim,
661 235 795 285 legatis
812 235 1057 284 tribunisque
1074 234 1241 273 militum
1262 234 1499 279 convocatis,
1522 246 1538 276 5

180 309 217 340 et
238 314 338 351 quae
358 315 403 339 ex
423 302 627 339 Voluseno
653 307 860 350 cognosset
890 307 927 338 et
949 312 1048 348 quae
1069 299 1150 337 fieri
1171 300 1286 337 vellet
1307 298 1479 337 ostendit
1496 313 1504 345 3

181 365 423 415 monuitque,
449 372 491 403 ut
517 364 570 403 rei
598 364 771 403 militaris
798 363 906 411 ratio,
930 363 1096 402 maxime
1124 371 1165 401 ut
1198 363 1413 401 maritimae
1446 377 1504 401 res

181 432 433 481 postularent,
473 436 515 467 ut
563 442 664 479 quae
706 430 873 467 celerem
920 436 1038 478 atque
1080 428 1303 466 instabilem
1354 436 1505 467 motum

142 508 161 540 5
181 496 381 541 haberent,
403 495 454 532 ad
474 501 613 532 nutum
635 501 673 532 et
692 496 743 532 ad
764 501 919 543 tempus
941 506 1078 532 omnes
1100 506 1159 531 res
1184 493 1234 531 ab
1262 492 1317 531 eis
1343 492 1506 531 admini-

181 566 399 598 strarentur.
454 558 530 596 His
551 558 733 605 dimissis,
756 565 794 596 et
815 566 976 596 ventum
997 565 1035 596 et
1055 565 1207 596 aestum
1228 571 1309 596 uno
1330 565 1506 607 tempore
1527 568 1545 597 6

181 631 317 662 nactus
349 624 580 670 secundum,
616 625 710 662 dato
744 623 855 672 signo
890 630 927 661 et
962 622 1124 661 sublatis
1158 622 1323 669 ancoris,
1357 622 1507 660 circiter

182 688 287 727 milia
325 702 510 738 passuum
546 695 696 738 septem
730 689 780 726 ab
815 702 863 726 eo
902 690 990 726 loco
1024 701 1250 738 progressus
1289 695 1423 737 aperto
1462 702 1507 725 ac

181 755 299 804 plano
320 752 430 791 litore
451 752 559 791 navis
580 752 792 791 constituit.

236 821 288 857 At
309 817 473 865 barbari,
497 817 662 856 consilio
684 820 957 856 Romanorum
987 817 1146 868 cognito
1167 817 1381 867 praemisso
1403 817 1507 867 equi·
1527 830 1578 867 24

183 891 264 922 tatu
303 890 340 921 et
379 881 593 929 essedariis,
630 896 709 932 quo
744 884 974 933 plerumque
1012 896 1153 932 genere
1187 883 1226 920 in
1262 882 1418 932 proeliis
1453 881 1507 920 uti

183 955 432 994 consuerunt,
456 947 613 997 reliquis
638 947 760 997 copiis
786 947 984 986 subsecuti
1012 955 1166 986 nostros
1188 947 1353 986 navibus
1378 946 1508 997 egredi

184 1013 456 1064 prohibebant.
519 1015 611 1051 Erat
637 1013 690 1051 ob
717 1014 786 1051 has
814 1027 950 1051 causas
978 1027 1132 1051 summa
1158 1013 1377 1059 difficultas,
1401 1013 1509 1062 quod
1533 1025 1546 1045 2

185 1093 302 1117 naves
342 1086 498 1128 propter
538 1078 848 1128 magnitudinem
896 1078 968 1117 nisi
1008 1079 1047 1116 in
1086 1080 1165 1117 alto
1205 1078 1390 1117 constitui
1431 1091 1508 1116 non

128 1157 164 1190 15
184 1151 373 1194 poterant,
402 1142 589 1181 militibus
614 1151 756 1190 autem,
786 1143 927 1192 ignotis
955 1142 1061 1189 locis,
1085 1142 1283 1192 impeditis
1317 1142 1509 1187 manibus,

186 1222 328 1259 magno
367 1216 404 1246 et
443 1207 547 1257 gravi
586 1222 704 1246 onere
746 1221 941 1246 armorum
983 1207 1188 1257 oppressis,
1231 1207 1346 1246 simul
1386 1215 1423 1245 et
1463 1208 1512 1245 de

185 1274 349 1312 navibus
379 1272 642 1312 desiliendum
673 1280 709 1310 et
740 1272 779 1310 in
809 1272 992 1310 fluctibus
1023 1272 1319 1310 consistendum
1353 1280 1390 1310 et
1422 1285 1511 1309 cum

185 1338 364 1377 hostibus
385 1345 465 1376 erat
487 1338 756 1387 pugnandum,
785 1351 874 1375 cum
900 1337 953 1374 illi
981 1345 1047 1375 aut
1075 1351 1120 1375 ex
1140 1337 1250 1375 arido
1270 1345 1335 1375 aut
1352 1338 1512 1386 paulum
1535 1350 1551 1379 3

185 1403 224 1441 in
251 1416 394 1453 aquam
422 1402 623 1452 progressi,
652 1402 836 1440 omnibus
862 1401 1047 1440 membris
1075 1402 1277 1451 expeditis,
1301 1401 1513 1440 notissimis

129 1483 165 1504 20
185 1467 292 1514 locis,
315 1468 500 1506 audacter
521 1468 597 1505 tela
618 1467 813 1505 coicerent
835 1474 871 1505 et
893 1480 1016 1516 equos
1037 1467 1274 1505 insuefactos
1296 1466 1510 1504 incitarent.

187 1532 343 1581 Quibus
371 1533 486 1570 rebus
518 1532 639 1570 nostri
665 1531 853 1581 perterriti
883 1539 1001 1581 atque
1029 1532 1144 1570 huius
1172 1531 1336 1570 omnino
1363 1531 1514 1581 generis
1534 1546 1552 1574 4

187 1610 341 1647 pugnae
375 1596 555 1645 imperiti,
590 1610 670 1635 non
703 1597 842 1635 eadem
876 1596 1073 1634 alacritate
1107 1610 1152 1634 ac
1192 1596 1323 1635 studio
1362 1609 1441 1645 quo
1476 1595 1513 1633 in

188 1661 434 1711 pedestribus
456 1661 511 1699 uti
532 1661 688 1710 proeliis
711 1668 947 1699 consuerant
969 1662 1188 1699 utebantur.

244 1727 365 1775 Quod
394 1725 462 1764 ubi
493 1727 637 1765 Caesar
666 1726 950 1773 animadvertit,
975 1726 1082 1764 navis
1112 1727 1259 1775 longas,
1286 1738 1450 1775 quarum
1479 1732 1516 1763 et
1536 1737 1587 1776 25

132 1807 168 1838 25
189 1790 339 1841 species
374 1798 453 1828 erat
485 1790 658 1829 barbaris
691 1791 910 1829 inusitatior
941 1798 979 1829 et
1010 1798 1140 1829 motus
1171 1791 1222 1829 ad
1256 1804 1371 1829 usum
1406 1803 1517 1840 expe-

189 1855 315 1902 ditior,
357 1856 517 1905 paulum
558 1855 747 1894 removeri
790 1856 841 1894 ab
881 1855 1066 1894 onerariis
1113 1855 1277 1894 navibus
1321 1863 1359 1893 et
1402 1854 1516 1893 remis

189 1920 340 1959 incitari
370 1928 408 1959 et
437 1922 487 1959 ad
517 1922 617 1960 latus
648 1929 827 1971 apertum
858 1921 1030 1960 hostium
1062 1921 1248 1960 constitui
1277 1928 1395 1971 atque
1425 1920 1518 1959 inde

189 1985 332 2032 fundis,
373 1985 531 2036 sagittis,
573 1985 776 2024 tormentis
824 1986 946 2025 hostis
986 1986 1150 2036 propelli
1197 2000 1243 2024 ac
1281 1984 1518 2024 summoveri

190 2049 325 2097 iussit,
354 2063 455 2099 quae
482 2064 541 2089 res
568 2064 711 2100 magno
739 2050 825 2089 usui
850 2050 990 2089 nostris
1016 2050 1097 2089 fuit.
1158 2052 1261 2089 Nam
1292 2057 1330 2088 et
1360 2048 1517 2088 navium
1539 2064 1554 2084 2

132 2129 172 2159 30
192 2116 312 2164 figura
344 2121 381 2153 et
415 2128 611 2154 remorum
639 2123 749 2154 motu
780 2122 818 2153 et
845 2114 1030 2154 inusitato
1064 2128 1205 2165 genere
1234 2121 1517 2153 tormentorum

192 2178 359 2229 permoti
384 2179 537 2218 barbari
569 2179 827 2218 constiterunt
856 2194 902 2218 ac
933 2181 1094 2230 paulum
1129 2181 1251 2218 modo
1279 2180 1421 2229 pedem
1450 2187 1519 2217 ret—

134 2297 138 2300 *
193 2245 372 2282 tulerunt.
443 2247 575 2294 Atque
614 2245 755 2283 nostris
794 2245 982 2284 militibus
1021 2244 1308 2291 cunctantibus,
1352 2244 1557 2285 maxime3

191 2316 348 2359 propter
386 2309 634 2348 altitudinem
674 2309 800 2357 maris,
837 2310 903 2360 qui
938 2309 1115 2349 decimae
1149 2309 1312 2359 legionis
1347 2309 1517 2359 aquilam

193 2406 210 2433 4
229 2407 315 2435 quae
331 2396 463 2436 Lipsius
478 2407 482 2426 :
509 2401 574 2436 qua
585 2395 622 2426 X
712 2397 748 2426 16
766 2396 936 2436 oppressis
950 2396 1005 2428 dcl.
1021 2396 1160 2436 Madvzg
1251 2405 1289 2436 19
1314 2396 1462 2436 expediti
1477 2396 1519 2427 ,13²
