1768 2739
629 621 690 670 Α.
749 620 963 670 HIRTI

299 762 421 820 DE
488 762 804 821 BELLO
868 763 1293 822 GALLICO

567 915 736 952 LIBER
766 914 1023 953 OCTAVVS

186 1034 380 1071 COACTUS
400 1031 564 1070 assiduis
592 1031 667 1070 tuis
687 1031 860 1078 vocibus,
884 1032 1018 1078 Balbe,
1041 1044 1131 1069 cum
1158 1031 1355 1071 cotidiana
1376 1046 1463 1071 mea

132 1096 323 1135 recusatio
339 1110 419 1135 non
435 1096 670 1135 difficultatis
687 1096 977 1135 excusationem
999 1097 1068 1135 sed
1089 1096 1248 1135 inertiae
1268 1097 1462 1136 videretur

131 1160 448 1212 deprecationem
476 1161 630 1208 habere,
653 1174 733 1199 rem
763 1160 1031 1199 difficillimam
1061 1161 1224 1211 suscepi.
1285 1161 1460 1201 Caesaris
1482 1178 1497 1199 2

130 1225 252 1264 nostri
290 1225 591 1264 commentarios
637 1238 763 1263 rerum
807 1232 1002 1276 gestarum
1043 1225 1203 1272 Galliae,
1240 1239 1319 1264 non
1358 1240 1461 1265 com-

93 1307 110 1337 5
130 1290 355 1341 parantibus
394 1289 656 1341 superioribus
690 1297 808 1340 atque
848 1289 1145 1340 insequentibus
1180 1290 1261 1329 eius
1296 1290 1456 1341 scriptis,

130 1355 324 1401 contexui,
377 1353 713 1404 novissimumque
760 1354 1032 1405 imperfectum
1084 1355 1135 1393 ab
1182 1355 1296 1393 rebus
1343 1355 1460 1405 gestis

127 1420 396 1457 Alexandreae
422 1418 574 1457 confeci
609 1432 734 1468 usque
764 1420 815 1457 ad
849 1419 993 1457 exitum
1029 1432 1109 1457 non
1144 1418 1304 1469 quidem
1338 1419 1459 1457 civilis

130 1482 394 1531 dissensionis,
414 1483 523 1521 cuius
546 1484 664 1522 finem
686 1485 837 1521 nullum
858 1483 1046 1530 videmus,
1066 1484 1135 1522 sed
1156 1483 1256 1522 vitae
1270 1484 1456 1523 Caesaris.

131 1548 243 1595 Quos
273 1547 421 1586 utinam
451 1548 517 1597 qui
546 1549 675 1598 legent
705 1548 802 1586 scire
830 1547 980 1598 possint
1012 1561 1129 1598 quarn
1161 1547 1303 1586 invitus
1335 1561 1461 1587 susce·
1480 1563 1497 1594 3

76 1627 114 1649 10
131 1611 254 1661 perim
280 1611 520 1659 scribendos,
543 1625 622 1662 quo
654 1611 803 1650 facilius
830 1625 981 1650 caream
1009 1611 1193 1650 stultitiae
1219 1618 1336 1662 atque
1362 1626 1460 1651 arro-

130 1676 284 1726 gantiae
330 1676 502 1724 crimine,
543 1677 609 1726 qui
657 1690 720 1715 me
765 1676 902 1715 mediis
947 1676 1243 1727 interposuerim
1283 1677 1459 1716 Caesaris

131 1740 291 1791 scriptis
352 1742 516 1780 Constat
548 1741 651 1780 enim
686 1742 785 1780 inter
815 1741 942 1780 omnis
977 1740 1073 1779 nihil
1107 1747 1185 1779 tam
1217 1754 1381 1791 operose
1409 1742 1458 1780 ab
1479 1757 1499 1788 4

130 1804 214 1843 aliis
235 1818 319 1843 esse
345 1807 560 1855 perfectum
587 1807 695 1856 quod
722 1819 801 1844 non
834 1807 973 1845 horum
1002 1805 1191 1856 elegantia
1222 1813 1460 1844 commenta-

131 1868 275 1908 riorum
317 1878 538 1920 superetur:
579 1871 645 1921 qui
701 1879 790 1909 sunt
829 1870 934 1918 editi,
974 1885 1023 1909 ne
1068 1870 1228 1909 scientia
1266 1878 1495 1918 tantarum5

75 1949 111 1981 15
131 1947 258 1972 rerum
279 1934 528 1985 scriptoribus
549 1935 659 1983 desit,
682 1936 862 1986 adeoque
882 1936 1096 1986 probantur
1116 1934 1293 1974 omnium
1314 1934 1459 1974 iudicio

132 2006 174 2037 ut
206 2007 416 2050 praerepta,
450 2013 530 2039 non
570 2000 743 2050 praebita
781 2002 942 2040 facultas
981 1999 1233 2051 scriptoribus
1271 1998 1456 2037 videatur.

133 2063 255 2104 Cuius
269 2071 399 2103 tamen
416 2065 468 2103 rei
486 2064 606 2103 maior
625 2073 756 2104 nostra
772 2079 890 2116 quam
906 2065 1143 2116 reliquorum
1161 2071 1218 2102 est
1231 2062 1435 2102 admiratio
1452 2079 1458 2101 ;
1478 2067 1497 2099 6

178 2167 444 2199 lecmpnoNfs
459 2179 465 2198 ε
482 2167 587 2199 Hirtii
599 2167 742 2200 Pansae.
759 2168 873 2209 Incipit
884 2169 961 2200 liber
979 2168 1064 2199 VIII
1070 2168 1119 2198 A:
1143 2167 1250 2197 Hirlii
1262 2165 1393 2196 Pansae
1404 2164 1435 2195 M
1452 2177 1457 2195 z

133 2210 249 2251 Incipit
272 2212 349 2242 liber
368 2215 498 2243 octavus
522 2209 561 2242 B‘
574 2223 579 2241 ε
613 2212 658 2243 A.
682 2212 789 2243 Hirtii
808 2212 918 2243 Panse
942 2223 1050 2242 rernm
1070 2215 1243 2253 gestarum
1269 2210 1303 2240 C.
1324 2209 1457 2240 cesaris.

133 2254 249 2296 Incipit
264 2255 342 2286 liber
355 2258 484 2287 octavus
499 2255 527 2286 T
540 2266 546 2285 ε
572 2255 677 2286 Hirtii
690 2256 821 2287 Pansae
836 2256 913 2287 liber
926 2256 997 2286 belli
1003 2255 1118 2296 gallici
1132 2254 1216 2284 VIII
1229 2253 1337 2294 incipit
1356 2252 1388 2283 U

177 2358 197 2388 3
214 2358 284 2379 rem
301 2359 365 2379 om.
384 2347 480 2379 AB‘:
501 2351 576 2388 post
592 2349 719 2379 habere
739 2349 844 2389 suppl.
864 2348 1052 2390 Nipperdey,
1065 2351 1140 2388 post
1156 2347 1381 2378 difficillimam
1398 2346 1459 2379 ΜΒ

134 2402 153 2431 4
179 2392 450 2432 comparantibus
466 2391 591 2427 MB'B:
618 2392 881 2432 conparentibus
899 2392 931 2422 Α
950 2404 956 2423 x
981 2391 1192 2432 comparibus
1208 2391 1331 2432 Frigell
1438 2391 1459 2420 6

136 2435 387 2474 novissimeque
405 2437 427 2470 β
520 2443 558 2474 15
582 2435 720 2466 deesset
736 2437 758 2471 β

1313 2488 1371 2519 13*
