1768 2739
610 145 652 183 C⁴
688 145 803 181 IVLI
836 145 1104 182 CAESARIS

192 272 303 297 veros
333 259 491 308 perlata,
516 257 824 303 Indutiomarus,
848 256 914 306 qui
935 264 1093 306 postero
1119 255 1184 294 die
1208 263 1333 295 castra
1355 256 1518 295 Labieni

193 337 420 374 oppugnare
450 325 685 370 decreverat,
718 330 837 361 noctu
872 322 1042 372 profugit
1077 322 1290 372 copiasque
1319 322 1447 361 omnis
1480 323 1518 360 in

154 400 171 430 3
193 392 385 428 Treveros
407 389 568 428 reducit.
629 389 773 428 Caesar
795 388 962 426 Fabium
984 401 1074 426 cum
1096 401 1165 426 sua
1186 387 1340 438 legione
1360 387 1519 426 remittit

194 455 233 493 in
255 455 429 502 hiberna,
450 455 532 505 ipse
549 468 639 493 curn
656 454 779 493 tribus
801 454 1021 504 legionibus
1038 454 1184 492 circum
1206 453 1518 492 Samarobrivam

194 521 303 559 trinis
341 521 515 560 hibernis
555 520 728 559 hiemare
776 519 978 558 constituit
1021 527 1070 566 et,
1107 521 1214 569 quod
1253 519 1350 557 tanti
1389 526 1556 560 motus5

195 586 346 625 Galliae
367 587 602 633 exstiterant,
621 593 744 624 totam
761 585 933 623 hiemem
954 585 1037 634 ipse
1057 587 1108 624 ad
1129 584 1340 623 exercitum
1362 598 1520 623 manere

151 664 168 693 4
195 651 377 689 decrevit.
438 653 543 689 Nam
572 650 639 689 illo
671 650 929 688 incommodo
964 651 1016 688 de
1051 649 1186 688 Sabini
1216 657 1341 688 morte
1370 650 1519 699 perlato

145 709 150 713 ,
193 730 332 755 omnes
353 718 432 755 fere
454 715 605 754 Galliae
630 715 805 753 civitates
837 716 887 753 de
914 715 1020 753 bello
1045 715 1335 761 consultabant,
1360 714 1519 752 nuntios

192 782 488 832 legationesque
521 781 561 819 in
594 780 722 819 omnis
753 779 871 829 partis
901 778 1153 818 dimittebant
1180 786 1218 817 et
1252 779 1348 829 quid
1382 778 1519 828 reliqui

193 846 331 885 consili
352 853 536 897 caperent
557 853 675 895 atque
702 845 808 883 unde
835 843 989 882 initium
1010 843 1102 882 belli
1123 845 1231 882 fieret
1252 843 1523 893 explorabant,·
1542 857 1580 879 10

151 929 168 960 5
192 919 465 961 nocturnaque
498 911 537 949 in
570 910 666 949 locis
701 909 866 948 desertis
902 908 1070 947 concilia
1104 909 1314 947 habebant.
1376 910 1518 958 Neque

192 978 315 1015 ullum
337 978 416 1015 fere
437 976 556 1015 totius
585 975 726 1014 hiemis
756 982 911 1025 tempus
940 974 1023 1013 sine
1052 974 1317 1013 sollicitudine
1340 974 1517 1014 Caesaris

192 1041 420 1089 intercessit,
457 1041 552 1092 quin
586 1041 758 1091 aliquem
792 1041 843 1079 de
877 1040 1049 1078 consiliis
1083 1053 1129 1078 ac
1164 1047 1274 1078 motu
1314 1040 1516 1078 Gallorum

151 1116 169 1148 6
192 1106 374 1145 nuntium
395 1107 599 1157 acciperet.
660 1108 707 1144 In
729 1105 788 1144 his
808 1106 860 1144 ab
881 1107 923 1143 L.
949 1105 1097 1144 Roscio
1120 1103 1373 1157 [quaestore],
1398 1118 1516 1155 quem

192 1172 336 1223 legioni
357 1172 492 1211 tertiae
514 1172 692 1212 decimae
713 1174 961 1223 praefecerat,
984 1172 1124 1211 certior
1137 1174 1262 1211 factus
1283 1180 1341 1211 est
1357 1185 1517 1222 magnas
1541 1192 1578 1225 15

193 1238 396 1276 Gallorum
426 1237 560 1287 copias
590 1251 723 1276 earum
748 1237 949 1276 civitatum
980 1250 1082 1287 quae
1111 1236 1363 1276 Aremoricae
1389 1238 1516 1287 appel-

153 1303 328 1347 :lantur
359 1303 617 1353 oppugnandi
658 1303 716 1342 sui
756 1317 875 1342 causa
908 1303 1141 1342 convenisse
1188 1316 1318 1353 neque
1364 1302 1518 1352 longius

192 1368 298 1406 milia
326 1382 513 1418 passuum
545 1377 635 1407 octo
673 1370 723 1407 ab
758 1368 931 1407 hibernis
971 1368 1050 1407 suis
1088 1368 1241 1415 afuisse,
1274 1369 1344 1406 sed
1378 1367 1518 1406 nuntio

191 1435 310 1472 allato
331 1435 381 1472 de
401 1434 562 1472 victoria
584 1434 761 1473 Caesaris
787 1434 1024 1481 discessisse,
1048 1435 1149 1473 adeo
1179 1441 1221 1472 ut
1248 1435 1361 1484 fugae
1382 1433 1517 1472 similis

191 1499 388 1537 discessus
410 1499 614 1538 videretur.
1540 1517 1580 1538 20

117 1571 168 1611 54
245 1566 298 1602 At
319 1565 472 1611 Caesar,
497 1564 738 1615 principibus
771 1565 962 1615 cuiusque
991 1564 1156 1603 civitatis
1187 1565 1238 1603 ad
1266 1576 1307 1602 se
1334 1563 1515 1611 evocatis,

189 1628 283 1666 alias
305 1629 528 1676 territando,
553 1643 642 1668 cum
668 1643 709 1668 se
736 1630 834 1668 scire
861 1643 963 1680 quae
984 1631 1121 1668 fierent
1141 1629 1401 1676 denuntiaret,
1425 1628 1519 1667 alias

189 1695 435 1732 cohortando
483 1708 664 1745 magnam
714 1702 864 1745 partem
913 1694 1064 1733 Galliae
1112 1695 1151 1733 in
1204 1694 1334 1733 officio
1382 1693 1516 1732 tenuit.

152 1773 166 1793 2
190 1761 343 1798 Tamen
364 1761 550 1807 Senones,
574 1773 675 1810 quae
702 1768 760 1798 est
788 1760 922 1798 civitas
949 1760 989 1798 in
1010 1760 1143 1810 primis
1166 1761 1275 1798 firma
1296 1766 1334 1798 et
1355 1772 1519 1809 magnae

190 1824 289 1862 inter
310 1825 444 1863 Gallos
464 1824 714 1872 auctoritatis,
740 1825 988 1872 Cavarinum,
1013 1838 1131 1875 quem
1160 1826 1304 1864 Caesar
1323 1825 1430 1874 apud
1450 1837 1518 1862 eos
1540 1840 1578 1872 25

190 1902 320 1939 regem
365 1889 628 1937 constituerat,
669 1889 779 1928 cuius
824 1892 938 1928 frater
988 1889 1224 1940 Moritasgus
1268 1890 1441 1928 adventu
1479 1889 1519 1926 in

193 1953 360 1991 Galliam
396 1954 572 1993 Caesaris
614 1954 803 2005 cuiusque
843 1955 1008 1993 maiores
1047 1968 1210 2005 regnum
1255 1953 1516 2000 obtinuerant,

190 2018 406 2057 interficere
438 2019 598 2069 publico
626 2019 791 2058 consilio
812 2019 953 2066 conati,
978 2033 1068 2057 curn
1091 2019 1153 2057 ille
1174 2018 1452 2069 praesensisset
1472 2031 1519 2056 ac

191 2084 433 2134 profugisset,
456 2098 580 2135 usque
611 2086 663 2123 ad
695 2085 782 2123 finis
804 2084 967 2123 insecuti
995 2098 1114 2135 regno
1143 2086 1344 2135 domoque
1365 2085 1519 2134 expule-

153 2162 170 2192 3
191 2156 279 2187 runt
299 2157 346 2197 et,
372 2150 498 2188 missis
522 2151 573 2189 ad
598 2152 809 2190 Caesarem
835 2150 1099 2189 satisfaciendi
1120 2163 1237 2188 causa
1257 2149 1403 2200 legatis,
1426 2162 1516 2187 curn
1537 2162 1578 2193 30

191 2214 221 2251 is
254 2228 413 2253 omnem
444 2217 494 2254 ad
525 2229 567 2254 se
598 2223 777 2255 senatum
809 2215 940 2254 venire
966 2215 1150 2263 iussisset,
1179 2215 1286 2254 dicto
1312 2214 1517 2253 audientes

152 2296 172 2328 4
191 2292 271 2317 non
302 2281 467 2318 fuerunt.
527 2282 701 2319 Tantum
727 2282 834 2331 apud
861 2280 1041 2319 homines
1072 2280 1258 2319 barbaros
1285 2279 1405 2318 valuit
1432 2292 1517 2317 esse

239 2392 276 2420 14
301 2387 483 2420 quaestore
499 2395 540 2414 a:
565 2383 678 2422 legato
694 2385 736 2417 βε
762 2383 820 2413 del.
843 2383 1042 2423 Oudendorp
1236 2385 1275 2413 16
1297 2382 1516 2412 Aremoricae

190 2425 387 2456 Ausonius:
411 2426 608 2456 Armoricae
625 2425 662 2455 X
762 2437 803 2456 22
828 2427 1041 2458 denuntiaret
1054 2429 1130 2466 post
1145 2427 1265 2457 fierent
1282 2425 1395 2457 Aldus
1411 2436 1418 2455 :
1442 2428 1516 2455 ante

192 2478 347 2507 magnam
363 2480 382 2498 a
397 2480 403 2499 τ
428 2479 490 2499 om.
511 2471 533 2502 β
