1768 2739
633 158 676 196 C.
711 158 826 195 IVLI
859 157 1126 196 CAESARIS

217 274 369 320 praeter
401 267 512 318 pellis
546 268 734 305 haberent
765 267 986 317 quicquam,
1020 280 1183 317 quarum
1216 274 1372 318 propter
1405 268 1544 318 exigui-

218 341 338 372 tatem
360 346 501 383 magna
527 340 585 371 est
611 332 782 383 corporis
810 346 896 383 pars
924 339 1065 383 aperta,
1090 340 1127 371 ct
1155 333 1330 371 lavantur
1356 333 1395 371 in
1423 333 1545 372 flumi-

218 398 344 437 nibus.

174 470 200 498 2
274 462 561 501 Mercatoribus
586 469 643 500 est
672 462 801 500 aditus
829 460 951 510 magis
978 475 1026 500 eo
1056 468 1097 500 ut
1125 474 1226 511 quae
1247 461 1351 500 bello
1371 461 1546 512 ceperint

219 527 362 577 quibus
382 528 555 566 vendant
575 527 758 573 habeant,
781 539 899 575 quam
925 538 1004 575 quo
1031 527 1151 564 ullam
1172 539 1252 564 rem
1274 527 1324 564 ad
1345 539 1386 565 se
1406 526 1546 577 impor-
1563 542 1580 573 5

183 610 199 632 2
219 592 289 630 tari
310 592 543 631 desiderent.
605 590 712 639 Quin
734 590 851 628 etiam
872 590 1068 637 iumentis,
1091 590 1234 640 quibus
1256 590 1423 629 maxime
1444 591 1545 630 Galli

219 657 464 696 delectantur
493 669 673 706 quaeque
705 655 886 705 impenso
920 662 1057 705 parant
1095 655 1231 705 pretio,
1264 656 1449 694 Germani
1479 656 1547 693 im-

218 721 379 772 portatis
400 721 460 760 his
481 734 561 760 non
583 728 755 768 utuntur,
774 722 843 759 sed
864 733 965 770 quae
986 727 1075 758 sunt
1095 721 1201 769 apud
1222 733 1290 758 eos
1311 728 1411 768 nata,
1430 721 1561 771 prava*

217 794 336 837 atque
360 786 561 833 deformia,
583 787 682 824 haec
708 785 907 824 cotidiana
933 784 1208 823 exercitatione
1237 785 1379 823 summi
1406 793 1447 823 ut
1469 786 1545 824 sint

179 867 196 897 3
218 852 362 891 laboris
391 851 574 890 efficiunt.
649 850 907 901 Equestribus
934 850 1090 900 proeliis
1119 863 1235 900 saepe
1262 863 1308 888 ex
1341 851 1451 900 equis
1481 852 1545 889 dc-
1566 863 1604 885 10

219 917 351 956 siliunt
377 930 423 955 ac
452 916 620 966 pedibus
659 915 898 965 proeliantur
936 928 1139 965 equosque
1170 916 1311 954 eodem
1345 929 1546 954 remanere

219 982 382 1032 vestigio
412 983 715 1028 assuefecerunt‚
747 983 797 1020 ad
829 994 929 1030 quos
964 994 1005 1019 se
1037 980 1211 1019 celeriter
1243 994 1332 1019 cum
1364 994 1457 1019 usus
1489 988 1546 1019 est

179 1046 436 1096 4recipiunt3
482 1059 612 1096 neque
650 1059 785 1084 eorum
826 1045 999 1084 moribus
1042 1045 1191 1095 turpius
1230 1045 1442 1095 quicquam
1479 1052 1547 1084 aut

181 1128 199 1158 5
219 1111 380 1150 inertius
411 1111 577 1149 habetur
610 1124 728 1160 quam
764 1110 958 1160 ephippiis
988 1109 1054 1148 uti.
1116 1111 1255 1160 Itaque
1285 1111 1336 1148 ad
1367 1110 1545 1160 quemvis

219 1189 427 1215 numerum
477 1175 791 1226 ephippiatorum
837 1174 1014 1224 equitum
1059 1174 1237 1224 quamvis
1274 1174 1390 1225 pauci
1437 1174 1545 1213 adire
1565 1185 1603 1219 15

181 1250 200 1281 6
219 1243 375 1280 audent.
435 1241 583 1279 Vinum
614 1241 665 1279 ad
692 1254 733 1279 se
760 1240 924 1279 omnino
948 1239 1147 1290 importari
1169 1253 1248 1279 non
1270 1240 1414 1287 sinunt,
1436 1241 1545 1290 quod

219 1320 265 1344 ea
296 1320 336 1344 re
368 1307 419 1345 ad
451 1306 625 1344 laborem
660 1306 864 1344 ferendum
904 1307 1174 1344 remollescere
1209 1305 1389 1344 homines
1427 1312 1546 1354 atque

219 1370 433 1409 effeminari
453 1370 695 1409 arbitrantur.

176 1446 200 1482 3
274 1435 437 1474 Publice
458 1435 666 1473 maximam
694 1442 833 1485 putant
862 1448 947 1474 esse
977 1436 1134 1474 laudem
1161 1448 1279 1485 quam
1307 1434 1495 1474 latissime
1522 1448 1545 1473 a

220 1500 298 1538 suis
346 1499 490 1538 finibus
537 1513 673 1538 vacare
716 1513 852 1549 agros:
905 1502 978 1538 hac
1023 1514 1062 1539 re
1107 1500 1313 1550 significari
1358 1513 1543 1550 magnum
1564 1515 1604 1537 20

182 1582 197 1602 2
220 1578 427 1603 numerum
448 1564 647 1602 civitatum
669 1578 779 1603 suam
800 1564 879 1602 vim
907 1564 1097 1604 sustinere
1117 1578 1197 1603 non
1218 1578 1343 1615 posse.
1405 1566 1545 1614 Itaque

220 1643 298 1668 una
318 1643 364 1668 ex
384 1637 493 1679 parte
512 1643 535 1668 a
561 1629 700 1668 Suebis
731 1629 882 1668 circiter
909 1629 1015 1668 milia
1046 1643 1231 1679 passuum
1264 1636 1441 1668 sescenta
1466 1629 1545 1679 agri

183 1707 200 1737 3
220 1707 356 1732 vacare
393 1694 586 1733 dicuntur.
664 1695 728 1732 Ad
776 1695 936 1733 alteram
985 1702 1134 1744 partem
1180 1695 1397 1733 succedunt
1435 1693 1544 1740 Ubii,

219 1772 387 1808 quorum
425 1758 497 1796 fuit
535 1758 669 1797 civitas
707 1760 838 1808 ampla
875 1766 994 1808 atque
1032 1760 1185 1805 florens,
1226 1766 1268 1797 ut
1312 1765 1370 1797 est
1408 1765 1545 1808 captus

219 1824 518 1870 Germanorum,
559 1830 597 1861 et
636 1824 778 1872 *lpaulo
816 1836 935 1873 quam
974 1831 1065 1862 sunt
1103 1823 1280 1862 eiusdem
1317 1823 1469 1873 generis
1507 1831 1545 1862 et
1566 1837 1603 1869 25

217 1886 355 1925 ceteris
394 1886 682 1933 humaniores&
721 1894 926 1936 propterea
970 1889 1078 1937 quod
1119 1889 1307 1926 Rhenum
1349 1889 1544 1938 attingunt

219 1953 465 2001 multumque
502 1953 553 1990 ad
587 1964 654 1990 eos
694 1959 927 1990 mercatores
965 1952 1168 1999 ventitant,
1201 1960 1239 1990 et
1277 1953 1350 2002 ipsi
1388 1960 1545 2003 propter

180 2034 199 2064 4
218 2015 549 2065 propinquitatem
571 2017 679 2065 quod
701 2016 860 2054 Gallicis
881 2024 971 2054 sunt
992 2016 1166 2055 moribus
1186 2017 1402 2055 assuefacti.
1455 2019 1544 2056 Hos

218 2093 308 2118 cum
330 2080 448 2119 Suebi
470 2080 601 2119 multis
622 2093 738 2130 saepe
760 2080 870 2119 bellis
891 2081 1036 2131 experti
1066 2089 1224 2130 propter
1243 2081 1543 2131 amplitudinem

217 2144 523 2194 gravitatemque
562 2145 726 2183 civitatis
765 2145 910 2184 finibus
948 2147 1140 2195 expellere
1186 2159 1266 2184 non
1310 2146 1540 2195 potuissent,
1563 2162 1603 2192 30

217 2215 349 2246 tamen
370 2208 566 2258 vectigalis
594 2209 667 2248 sibi
695 2210 869 2249 fecerunt
892 2222 938 2249 ac
958 2211 1083 2248 multo
1103 2209 1330 2248 humiliores
1360 2209 1542 2248 infirmio-

217 2285 356 2322 resque
376 2275 616 2323 redegerunt.

263 2385 282 2404 2
306 2375 459 2405 lavantur
489 2375 544 2407 X:
581 2377 774 2408 lavarentur
790 2378 968 2418 Nipperdey
1184 2390 1225 2417 25
1251 2382 1327 2408 sunt
1353 2377 1407 2408 del.
1427 2377 1546 2418 Fm'gell

221 2422 252 2447 ct
270 2419 391 2448 ceteris
409 2418 460 2449 X:
488 2420 591 2450 ceteri
609 2426 687 2450 sunt
704 2421 824 2461 Frigell
984 2423 1024 2451 28
1049 2423 1138 2460 quod
1157 2422 1212 2452 dcl.
1233 2422 1345 2451 Helle,-
