1768 2739
792 148 836 184 A.
872 147 1037 184 HIRTI

218 273 231 294 2
255 263 291 294 ct
348 257 512 295 coloniis
569 256 785 295 incredibili
849 258 999 295 honore
1051 264 1168 307 atque
1233 270 1374 296 amore.
1474 259 1578 296 Tum

253 321 421 371 primum
459 322 562 360 enim
601 322 781 360 veniebat
822 323 872 360 ab
916 322 982 360 illo
1027 322 1231 360 universae
1270 322 1421 360 Galliae
1459 322 1574 360 bello.

253 386 361 424 Nihil
396 386 688 436 relinquebatur
720 388 828 436 quod
855 388 905 425 ad
933 394 1114 425 ornatum
1142 394 1352 436 portarum,
1381 386 1575 434 itinerum,

251 452 428 490 locorum
453 451 631 490 omnium
659 465 737 501 qua
761 454 905 491 Caesar
932 452 1053 490 iturus
1081 459 1161 490 erat
1185 451 1393 501 excogitari
1413 458 1574 501 poterat.

212 530 229 560 3
252 516 355 555 Cum
387 516 517 555 liberis
549 517 678 555 omnis
713 517 924 556 multitudo
954 517 1111 555 obviam
1142 517 1392 567 procedebat,
1425 516 1614 563 hostiae5

250 581 435 620 omnibus
456 581 552 620 locis
573 581 890 629 immolabantur,
906 582 1080 620 tricliniis
1102 582 1228 621 stratis
1249 584 1331 620 fora
1351 582 1577 631 templaque

249 646 555 696 occupabantur,
571 654 613 685 ut
626 649 686 685 vel
703 647 1026 697 exspectatissimi
1042 647 1229 697 triumphi
1244 647 1390 685 laetitia
1404 646 1576 696 praecipi

248 718 389 760 posset.
431 713 559 749 Tanta
575 719 655 750 erat
669 712 959 762 magnificentia
971 713 1078 763 apud
1091 712 1367 762 opulentiores,
1383 711 1576 761 cupiditas

247 777 353 825 apud
374 776 611 815 humiliores.

176 849 227 886 52
302 843 404 881 Cum
426 842 553 881 omnis
570 842 746 893 regiones
762 843 912 882 Galliae
928 850 1082 894 togatae
1097 844 1240 883 Caesar
1260 841 1572 893 percucurrisset‚
1597 856 1635 879 10

246 921 401 946 summa
448 907 644 947 celeritate
690 910 741 947 ad
789 908 1001 947 exercitum
1059 910 1400 946 Nemetocennam
1448 907 1573 954 rediit,

245 973 544 1023 legionibusque
583 987 629 1012 ex
667 973 852 1012 omnibus
891 973 1064 1012 hibernis
1106 974 1158 1012 ad
1189 973 1275 1011 finis
1315 974 1573 1011 Treverorum

245 1038 415 1077 evocatis
473 1052 520 1077 eo
570 1040 768 1089 profectus
820 1046 878 1077 est
931 1038 1065 1088 ibique
1119 1038 1330 1076 exercitum
1386 1036 1570 1076 lustravit.

208 1124 222 1144 2
245 1106 289 1142 T.
324 1104 545 1143 Labienum
576 1104 726 1143 Galliae
764 1104 948 1155 praefecit
988 1111 1152 1154 togatae,
1184 1117 1264 1154 quo
1294 1103 1441 1141 maiore
1470 1116 1573 1141 com-

244 1169 499 1208 mendatione
529 1169 800 1208 conciliaretur
829 1171 880 1208 ad
910 1171 1136 1208 consulatus
1165 1169 1406 1219 petitionem.
1482 1170 1573 1218 Ipse
1595 1180 1632 1214 15

245 1242 396 1273 tantum
421 1234 603 1273 itinerum
625 1234 792 1273 faciebat
813 1242 1004 1284 quantum
1026 1234 1117 1273 satis
1138 1247 1223 1272 esse
1242 1235 1293 1272 ad
1314 1233 1572 1272 mutationem

206 1311 222 1341 3
244 1301 421 1338 locorum
446 1307 603 1350 propter
630 1299 895 1338 salubritatem
924 1299 1179 1338 existimabat.
1243 1298 1304 1337 Ibi
1333 1312 1573 1349 quamquam

244 1366 380 1403 crebro
400 1364 586 1404 audiebat
607 1364 827 1403 Labienum
849 1365 899 1402 ab
919 1364 1087 1402 inimicis
1108 1364 1186 1402 suis
1204 1364 1399 1402 sollicitari
1421 1363 1573 1402 certior-

243 1443 319 1478 que
344 1430 462 1468 fiebat
492 1429 531 1468 id
557 1430 617 1479 agi
642 1442 856 1478 paucorum
884 1428 1067 1475 consiliis,
1091 1436 1132 1466 ut
1160 1429 1387 1478 interposita
1414 1437 1571 1468 senatus

241 1494 471 1533 auctoritate
500 1494 629 1544 aliqua
659 1501 767 1543 parte
797 1493 986 1531 exercitus
1016 1493 1256 1543 spoliaretur,
1279 1501 1410 1532 tamen
1442 1507 1570 1544 neque
1592 1505 1631 1527 20

242 1560 291 1597 de
314 1558 491 1597 Labieno
508 1558 673 1597 credidit
694 1558 905 1607 quicquam
927 1571 1056 1608 neque
1077 1565 1212 1597 contra
1232 1567 1389 1598 senatus
1409 1560 1572 1598 auctori-

242 1631 360 1662 tatem
396 1631 437 1661 ut
468 1623 616 1673 aliquid
651 1625 793 1661 faceret
831 1623 975 1662 adduci
1010 1624 1146 1674 potuit.
1229 1625 1436 1664 Iudicabat
1465 1625 1570 1664 enim

242 1688 370 1726 liberis
393 1688 594 1726 sententiis
616 1695 769 1738 patrum
797 1688 1109 1738 conscriptorum
1137 1703 1296 1729 causam
1323 1704 1433 1729 suam
1458 1690 1571 1729 facile

202 1753 417 1799 4obtineri.
479 1754 582 1791 Nam
622 1754 664 1792 C.
708 1753 838 1800 Curio,
876 1754 1055 1793 tribunus
1090 1756 1226 1805 plebis,
1262 1769 1352 1794 cum
1393 1756 1570 1796 Caesaris

240 1831 398 1856 causam
427 1817 737 1868 dignitatemque
758 1820 1051 1858 defendendam
1081 1821 1329 1871 suscepisset,
1351 1835 1467 1872 saepe
1489 1830 1568 1860 erat
1590 1829 1628 1860 ²5

240 1882 392 1921 senatui
413 1882 619 1932 pollicitus,
643 1883 674 1921 si
695 1897 813 1933 quem
831 1884 947 1923 timor
967 1899 1163 1924 armorum
1187 1886 1363 1926 Caesaris
1384 1888 1565 1934 laederet,

240 1954 278 1985 et
304 1947 492 1997 quoniam
521 1948 685 1997 Pompei
713 1949 932 1988 dominatio
964 1959 1082 2001 atque
1112 1965 1220 1990 arma
1249 1965 1329 1990 non
1360 1951 1568 1990 minimum

239 2020 425 2050 terrorem
456 2013 540 2050 foro
574 2012 770 2060 inferrent,
801 2015 1019 2055 discederet
1048 2024 1212 2067 uterque
1241 2017 1290 2055 ab
1320 2016 1437 2055 armis
1467 2030 1569 2055 exer-

239 2076 418 2126 citusque
439 2077 674 2116 dimitteret:
704 2082 786 2119 fore
807 2095 854 2119 eo
876 2083 979 2120 facto
1007 2082 1169 2120 liberam
1191 2089 1228 2120 et
1249 2081 1307 2120 sui
1328 2081 1419 2120 iuris
1440 2081 1568 2119 civita-

202 2154 218 2183 5
239 2148 329 2179 tem.
380 2143 522 2191 Neque
551 2145 628 2181 hoc
658 2153 809 2184 tantum
841 2146 1038 2195 pollicitus
1068 2154 1136 2193 est,
1164 2147 1234 2185 sed
1265 2146 1382 2184 etiam
1413 2158 1467 2184 sc.
1499 2159 1568 2196 per
1588 2151 1628 2182 30

238 2206 519 2245 discessionem
571 2211 698 2248 facere
745 2211 902 2260 coepit3
959 2212 1067 2260 quod
1124 2225 1173 2249 ne
1230 2212 1338 2249 fieret
1385 2212 1566 2249 consules

284 2325 318 2345 11
345 2326 365 2345 α
389 2316 481 2347 verbo
505 2325 637 2346 summa
663 2326 763 2354 usque
779 2315 937 2354 adfinem
954 2314 1057 2354 deficit
1071 2314 1105 2344 A
1121 2326 1127 2346 :
1152 2314 1311 2345 A'=8M
1528 2325 1565 2353 14

240 2359 345 2389 maior
361 2365 394 2390 et
412 2359 675 2390 commendatior
691 2359 746 2389 D:
771 2359 878 2389 maior
895 2359 925 2389 ei
943 2358 1192 2389 commendatio
1208 2357 1354 2398 Kr‘affi’rt
1450 2358 1492 2388 28
1516 2358 1564 2387 in-

239 2402 363 2433 ferrent
381 2402 510 2433 Aldus:
535 2402 674 2432 inferret
691 2401 728 2431 X
833 2411 875 2440 3ο
898 2411 943 2433 sc.
965 2412 1027 2441 per
1042 2401 1190 2433 Faernus
1205 2413 1211 2431 :
1235 2411 1298 2440 per
1314 2399 1374 2431 M:
1398 2411 1459 2440 per
1474 2410 1510 2431 se
1527 2402 1550 2436 β
