<?xml version="1.0" encoding="UTF-8"?>
<!DOCTYPE html PUBLIC "-//W3C//DTD XHTML 1.0 Transitional//EN"
    "http://www.w3.org/TR/xhtml1/DTD/xhtml1-transitional.dtd">
<html xmlns="http://www.w3.org/1999/xhtml" xml:lang="en" lang="en">
 <head>
  <title>
</title>
<meta http-equiv="Content-Type" content="text/html;charset=utf-8" />
  <meta name='ocr-system' content='tesseract 3.04.00' />
  <meta name='ocr-capabilities' content='ocr_page ocr_carea ocr_par ocr_line ocrx_word'/>
</head>
<body>
  <div class='ocr_page' id='page_1' title='image "./commentariorumpa01caesuoft_0139.png"; bbox 0 0 1768 2739; ppageno 0'>
   <div class='ocr_carea' id='block_1_1' title="bbox 131 522 147 553">
    <p class='ocr_par' dir='ltr' id='par_1_1' title="bbox 131 522 147 553">
     <span class='ocr_line' id='line_1_1' title="bbox 131 522 147 553; baseline 0 0"><span class='ocrx_word' id='word_1_1' title='bbox 131 522 147 553; x_wconf 85' lang='lat'>5</span> 
     </span>
    </p>
   </div>
   <div class='ocr_carea' id='block_1_2' title="bbox 113 845 152 866">
    <p class='ocr_par' dir='ltr' id='par_1_2' title="bbox 113 845 152 866">
     <span class='ocr_line' id='line_1_2' title="bbox 113 845 152 866; baseline -0.026 0"><span class='ocrx_word' id='word_1_2' title='bbox 113 845 152 866; x_wconf 92' lang='lat'>10</span> 
     </span>
    </p>
   </div>
   <div class='ocr_carea' id='block_1_3' title="bbox 115 1167 151 1199">
    <p class='ocr_par' dir='ltr' id='par_1_3' title="bbox 115 1167 151 1199">
     <span class='ocr_line' id='line_1_3' title="bbox 115 1167 151 1199; baseline 0 0"><span class='ocrx_word' id='word_1_3' title='bbox 115 1167 151 1199; x_wconf 81' lang='lat'>15</span> 
     </span>
    </p>
   </div>
   <div class='ocr_carea' id='block_1_4' title="bbox 115 1489 153 1511">
    <p class='ocr_par' dir='ltr' id='par_1_4' title="bbox 115 1489 153 1511">
     <span class='ocr_line' id='line_1_4' title="bbox 115 1489 153 1511; baseline 0 0"><span class='ocrx_word' id='word_1_4' title='bbox 115 1489 153 1511; x_wconf 89' lang='lat'>20</span> 
     </span>
    </p>
   </div>
   <div class='ocr_carea' id='block_1_5' title="bbox 116 1811 154 1843">
    <p class='ocr_par' dir='ltr' id='par_1_5' title="bbox 116 1811 154 1843">
     <span class='ocr_line' id='line_1_5' title="bbox 116 1811 154 1843; baseline 0 0"><span class='ocrx_word' id='word_1_5' title='bbox 116 1811 154 1843; x_wconf 87' lang='lat'>25</span> 
     </span>
    </p>
   </div>
   <div class='ocr_carea' id='block_1_6' title="bbox 120 2132 158 2162">
    <p class='ocr_par' dir='ltr' id='par_1_6' title="bbox 120 2132 158 2162">
     <span class='ocr_line' id='line_1_6' title="bbox 120 2132 158 2162; baseline 0 -9"><span class='ocrx_word' id='word_1_6' title='bbox 120 2132 158 2162; x_wconf 80' lang='lat'>30</span> 
     </span>
    </p>
   </div>
   <div class='ocr_carea' id='block_1_7' title="bbox 438 138 1225 177">
    <p class='ocr_par' dir='ltr' id='par_1_7' title="bbox 438 138 1225 177">
     <span class='ocr_line' id='line_1_7' title="bbox 438 138 1225 177; baseline -0.005 0"><span class='ocrx_word' id='word_1_7' title='bbox 438 140 512 177; x_wconf 87' lang='lat' dir='ltr'>DE</span> <span class='ocrx_word' id='word_1_8' title='bbox 545 138 724 176; x_wconf 91' lang='lat' dir='ltr'>BELLO</span> <span class='ocrx_word' id='word_1_9' title='bbox 756 138 1000 176; x_wconf 89' lang='lat' dir='ltr'>GALLICO</span> <span class='ocrx_word' id='word_1_10' title='bbox 1032 138 1133 174; x_wconf 90' lang='lat' dir='ltr'>LIB.</span> <span class='ocrx_word' id='word_1_11' title='bbox 1167 138 1225 173; x_wconf 91' lang='lat' dir='ltr'>VI</span> 
     </span>
    </p>
   </div>
   <div class='ocr_carea' id='block_1_8' title="bbox 168 245 1557 2355">
    <p class='ocr_par' dir='ltr' id='par_1_8' title="bbox 168 245 1531 748">
     <span class='ocr_line' id='line_1_8' title="bbox 168 245 1489 296; baseline -0.004 -7"><span class='ocrx_word' id='word_1_12' title='bbox 168 248 438 289; x_wconf 87' lang='lat' dir='ltr'>auctoritatem</span> <span class='ocrx_word' id='word_1_13' title='bbox 468 261 603 287; x_wconf 90' lang='lat' dir='ltr'>eorum</span> <span class='ocrx_word' id='word_1_14' title='bbox 633 245 778 285; x_wconf 89' lang='lat' dir='ltr'>iudicio</span> <span class='ocrx_word' id='word_1_15' title='bbox 819 246 961 284; x_wconf 87' lang='lat' dir='ltr'>habere</span> <span class='ocrx_word' id='word_1_16' title='bbox 1000 245 1281 293; x_wconf 71' lang='lat' dir='ltr'>existimantur,</span> <span class='ocrx_word' id='word_1_17' title='bbox 1322 259 1489 296; x_wconf 90' lang='lat' dir='ltr'>quorum</span> 
     </span>
     <span class='ocr_line' id='line_1_9' title="bbox 168 310 1490 360; baseline -0.004 -7"><span class='ocrx_word' id='word_1_18' title='bbox 168 316 219 353; x_wconf 83' lang='lat' dir='ltr'>ad</span> <span class='ocrx_word' id='word_1_19' title='bbox 247 313 447 352; x_wconf 81' lang='lat' dir='ltr'>arbitrium</span> <span class='ocrx_word' id='word_1_20' title='bbox 476 311 743 360; x_wconf 89' lang='lat' dir='ltr'>iudiciumque</span> <span class='ocrx_word' id='word_1_21' title='bbox 773 323 926 348; x_wconf 88' lang='lat' dir='ltr'>summa</span> <span class='ocrx_word' id='word_1_22' title='bbox 955 310 1133 348; x_wconf 90' lang='lat' dir='ltr'>omnium</span> <span class='ocrx_word' id='word_1_23' title='bbox 1163 324 1289 349; x_wconf 92' lang='lat' dir='ltr'>rerum</span> <span class='ocrx_word' id='word_1_24' title='bbox 1312 310 1490 349; x_wconf 51' lang='lat' dir='ltr'>consiliou</span> 
     </span>
     <span class='ocr_line' id='line_1_10' title="bbox 169 374 1530 428; baseline -0.004 -11"><span class='ocrx_word' id='word_1_25' title='bbox 169 391 333 428; x_wconf 89' lang='lat' dir='ltr'>rumque</span> <span class='ocrx_word' id='word_1_26' title='bbox 362 378 502 416; x_wconf 87' lang='lat' dir='ltr'>redeat.</span> <span class='ocrx_word' id='word_1_27' title='bbox 564 378 702 425; x_wconf 88' lang='lat' dir='ltr'>Itaque</span> <span class='ocrx_word' id='word_1_28' title='bbox 723 375 805 413; x_wconf 92' lang='lat' dir='ltr'>eius</span> <span class='ocrx_word' id='word_1_29' title='bbox 826 374 878 413; x_wconf 88' lang='lat' dir='ltr'>rei</span> <span class='ocrx_word' id='word_1_30' title='bbox 899 388 1016 413; x_wconf 88' lang='lat' dir='ltr'>causa</span> <span class='ocrx_word' id='word_1_31' title='bbox 1035 375 1249 424; x_wconf 89' lang='lat' dir='ltr'>antiquitus</span> <span class='ocrx_word' id='word_1_32' title='bbox 1270 375 1490 413; x_wconf 87' lang='lat' dir='ltr'>institutum</span> <span class='ocrx_word' id='word_1_33' title='bbox 1511 390 1530 420; x_wconf 82' lang='lat'>4</span> 
     </span>
     <span class='ocr_line' id='line_1_11' title="bbox 168 438 1492 491; baseline -0.003 -10"><span class='ocrx_word' id='word_1_34' title='bbox 168 443 330 489; x_wconf 88' lang='lat' dir='ltr'>videtur,</span> <span class='ocrx_word' id='word_1_35' title='bbox 354 455 403 480; x_wconf 92' lang='lat' dir='ltr'>ne</span> <span class='ocrx_word' id='word_1_36' title='bbox 426 441 512 491; x_wconf 92' lang='lat' dir='ltr'>quis</span> <span class='ocrx_word' id='word_1_37' title='bbox 539 454 584 479; x_wconf 83' lang='lat' dir='ltr'>ex</span> <span class='ocrx_word' id='word_1_38' title='bbox 609 440 724 490; x_wconf 92' lang='lat' dir='ltr'>plebe</span> <span class='ocrx_word' id='word_1_39' title='bbox 745 447 880 478; x_wconf 91' lang='lat' dir='ltr'>contra</span> <span class='ocrx_word' id='word_1_40' title='bbox 909 438 1169 490; x_wconf 90' lang='lat' dir='ltr'>potentiorem</span> <span class='ocrx_word' id='word_1_41' title='bbox 1199 439 1314 477; x_wconf 82' lang='lat' dir='ltr'>auxili</span> <span class='ocrx_word' id='word_1_42' title='bbox 1337 446 1464 488; x_wconf 77' lang='lat' dir='ltr'><strong>egeret</strong></span> <span class='ocrx_word' id='word_1_43' title='bbox 1485 454 1492 477; x_wconf 78' lang='lat' dir='ltr'>t</span> 
     </span>
     <span class='ocr_line' id='line_1_12' title="bbox 169 503 1493 555; baseline -0.003 -10"><span class='ocrx_word' id='word_1_44' title='bbox 169 520 260 545; x_wconf 92' lang='lat' dir='ltr'>suos</span> <span class='ocrx_word' id='word_1_45' title='bbox 298 506 403 544; x_wconf 91' lang='lat' dir='ltr'>enim</span> <span class='ocrx_word' id='word_1_46' title='bbox 441 505 606 555; x_wconf 91' lang='lat' dir='ltr'>quisque</span> <span class='ocrx_word' id='word_1_47' title='bbox 645 504 812 554; x_wconf 87' lang='lat' dir='ltr'>opprimi</span> <span class='ocrx_word' id='word_1_48' title='bbox 850 511 888 542; x_wconf 93' lang='lat' dir='ltr'>et</span> <span class='ocrx_word' id='word_1_49' title='bbox 927 503 1196 542; x_wconf 87' lang='lat' dir='ltr'>circumveniri</span> <span class='ocrx_word' id='word_1_50' title='bbox 1235 517 1315 542; x_wconf 91' lang='lat' dir='ltr'>non</span> <span class='ocrx_word' id='word_1_51' title='bbox 1350 503 1493 553; x_wconf 89' lang='lat' dir='ltr'>patitur</span> 
     </span>
     <span class='ocr_line' id='line_1_13' title="bbox 170 566 1489 621; baseline -0.004 -12"><span class='ocrx_word' id='word_1_52' title='bbox 170 584 308 621; x_wconf 88' lang='lat' dir='ltr'>neque,</span> <span class='ocrx_word' id='word_1_53' title='bbox 330 570 438 609; x_wconf 89' lang='lat' dir='ltr'>aliter</span> <span class='ocrx_word' id='word_1_54' title='bbox 458 569 489 608; x_wconf 89' lang='lat' dir='ltr'>si</span> <span class='ocrx_word' id='word_1_55' title='bbox 509 569 635 616; x_wconf 91' lang='lat' dir='ltr'>faciat,</span> <span class='ocrx_word' id='word_1_56' title='bbox 659 570 777 607; x_wconf 89' lang='lat' dir='ltr'>ullam</span> <span class='ocrx_word' id='word_1_57' title='bbox 807 568 906 607; x_wconf 87' lang='lat' dir='ltr'>inter</span> <span class='ocrx_word' id='word_1_58' title='bbox 935 581 1026 606; x_wconf 89' lang='lat' dir='ltr'>suos</span> <span class='ocrx_word' id='word_1_59' title='bbox 1057 568 1175 607; x_wconf 89' lang='lat' dir='ltr'>habet</span> <span class='ocrx_word' id='word_1_60' title='bbox 1205 566 1489 606; x_wconf 89' lang='lat' dir='ltr'>auctoritatem.</span> 
     </span>
     <span class='ocr_line' id='line_1_14' title="bbox 171 632 1531 681; baseline -0.003 -8"><span class='ocrx_word' id='word_1_61' title='bbox 171 638 284 673; x_wconf 86' lang='lat' dir='ltr'>Haec</span> <span class='ocrx_word' id='word_1_62' title='bbox 322 635 461 673; x_wconf 88' lang='lat' dir='ltr'>eadem</span> <span class='ocrx_word' id='word_1_63' title='bbox 490 633 587 672; x_wconf 92' lang='lat' dir='ltr'>ratio</span> <span class='ocrx_word' id='word_1_64' title='bbox 616 640 673 672; x_wconf 92' lang='lat' dir='ltr'>est</span> <span class='ocrx_word' id='word_1_65' title='bbox 703 633 742 670; x_wconf 92' lang='lat' dir='ltr'>in</span> <span class='ocrx_word' id='word_1_66' title='bbox 773 646 926 671; x_wconf 87' lang='lat' dir='ltr'>summa</span> <span class='ocrx_word' id='word_1_67' title='bbox 956 632 1073 671; x_wconf 92' lang='lat' dir='ltr'>totius</span> <span class='ocrx_word' id='word_1_68' title='bbox 1104 632 1280 671; x_wconf 88' lang='lat' dir='ltr'>Galliae:</span> <span class='ocrx_word' id='word_1_69' title='bbox 1321 644 1493 681; x_wconf 88' lang='lat' dir='ltr'>namque</span> <span class='ocrx_word' id='word_1_70' title='bbox 1515 647 1531 678; x_wconf 91' lang='lat'>5</span> 
     </span>
     <span class='ocr_line' id='line_1_15' title="bbox 169 697 1158 748; baseline -0.003 -10"><span class='ocrx_word' id='word_1_71' title='bbox 169 713 307 738; x_wconf 91' lang='lat' dir='ltr'>omnes</span> <span class='ocrx_word' id='word_1_72' title='bbox 336 698 509 737; x_wconf 89' lang='lat' dir='ltr'>civitates</span> <span class='ocrx_word' id='word_1_73' title='bbox 539 698 578 735; x_wconf 92' lang='lat' dir='ltr'>in</span> <span class='ocrx_word' id='word_1_74' title='bbox 607 697 724 748; x_wconf 87' lang='lat' dir='ltr'>partis</span> <span class='ocrx_word' id='word_1_75' title='bbox 755 697 901 736; x_wconf 91' lang='lat' dir='ltr'>divisae</span> <span class='ocrx_word' id='word_1_76' title='bbox 931 704 1021 735; x_wconf 88' lang='lat' dir='ltr'>sunt</span> <span class='ocrx_word' id='word_1_77' title='bbox 1050 698 1158 735; x_wconf 89' lang='lat' dir='ltr'>duas.</span> 
     </span>
    </p>

    <p class='ocr_par' dir='ltr' id='par_1_9' title="bbox 171 759 1557 2355">
     <span class='ocr_line' id='line_1_16' title="bbox 224 759 1557 812; baseline -0.002 -9"><span class='ocrx_word' id='word_1_78' title='bbox 224 765 327 803; x_wconf 93' lang='lat' dir='ltr'>Cum</span> <span class='ocrx_word' id='word_1_79' title='bbox 348 765 492 803; x_wconf 90' lang='lat' dir='ltr'>Caesar</span> <span class='ocrx_word' id='word_1_80' title='bbox 517 762 556 800; x_wconf 91' lang='lat' dir='ltr'>in</span> <span class='ocrx_word' id='word_1_81' title='bbox 585 762 752 801; x_wconf 82' lang='lat' dir='ltr'>Galliam</span> <span class='ocrx_word' id='word_1_82' title='bbox 779 762 895 809; x_wconf 89' lang='lat' dir='ltr'>venit,</span> <span class='ocrx_word' id='word_1_83' title='bbox 918 761 1074 800; x_wconf 90' lang='lat' dir='ltr'>alterius</span> <span class='ocrx_word' id='word_1_84' title='bbox 1098 761 1278 800; x_wconf 81' lang='lat' dir='ltr'>factionis</span> <span class='ocrx_word' id='word_1_85' title='bbox 1299 759 1494 812; x_wconf 86' lang='lat' dir='ltr'>principes</span> <span class='ocrx_word' id='word_1_86' title='bbox 1515 772 1557 800; x_wconf 89' lang='lat'>12</span> 
     </span>
     <span class='ocr_line' id='line_1_17' title="bbox 171 825 1532 876; baseline -0.002 -10"><span class='ocrx_word' id='word_1_87' title='bbox 171 836 278 867; x_wconf 90' lang='lat' dir='ltr'>erant</span> <span class='ocrx_word' id='word_1_88' title='bbox 318 827 458 875; x_wconf 91' lang='lat' dir='ltr'>Aedui,</span> <span class='ocrx_word' id='word_1_89' title='bbox 500 826 655 866; x_wconf 90' lang='lat' dir='ltr'>alterius</span> <span class='ocrx_word' id='word_1_90' title='bbox 696 826 876 876; x_wconf 89' lang='lat' dir='ltr'>Sequani.</span> <span class='ocrx_word' id='word_1_91' title='bbox 948 826 1005 864; x_wconf 92' lang='lat' dir='ltr'>Hi</span> <span class='ocrx_word' id='word_1_92' title='bbox 1045 839 1136 864; x_wconf 93' lang='lat' dir='ltr'>cum</span> <span class='ocrx_word' id='word_1_93' title='bbox 1176 839 1244 876; x_wconf 92' lang='lat' dir='ltr'>per</span> <span class='ocrx_word' id='word_1_94' title='bbox 1284 839 1325 864; x_wconf 91' lang='lat' dir='ltr'>se</span> <span class='ocrx_word' id='word_1_95' title='bbox 1365 825 1494 863; x_wconf 88' lang='lat' dir='ltr'>minus</span> <span class='ocrx_word' id='word_1_96' title='bbox 1519 838 1532 858; x_wconf 90' lang='lat'><em>2</em></span> 
     </span>
     <span class='ocr_line' id='line_1_18' title="bbox 171 889 1494 942; baseline -0.002 -11"><span class='ocrx_word' id='word_1_97' title='bbox 171 895 352 940; x_wconf 88' lang='lat' dir='ltr'>valerent,</span> <span class='ocrx_word' id='word_1_98' title='bbox 375 893 483 942; x_wconf 90' lang='lat' dir='ltr'>quod</span> <span class='ocrx_word' id='word_1_99' title='bbox 512 905 666 930; x_wconf 87' lang='lat' dir='ltr'>summa</span> <span class='ocrx_word' id='word_1_100' title='bbox 693 891 902 930; x_wconf 80' lang='lat' dir='ltr'>auctoritas</span> <span class='ocrx_word' id='word_1_101' title='bbox 931 890 1145 941; x_wconf 87' lang='lat' dir='ltr'>antiquitus</span> <span class='ocrx_word' id='word_1_102' title='bbox 1176 897 1257 928; x_wconf 90' lang='lat' dir='ltr'>erat</span> <span class='ocrx_word' id='word_1_103' title='bbox 1284 890 1323 927; x_wconf 94' lang='lat' dir='ltr'>in</span> <span class='ocrx_word' id='word_1_104' title='bbox 1344 889 1494 929; x_wconf 83' lang='lat' dir='ltr'>Aeduis</span> 
     </span>
     <span class='ocr_line' id='line_1_19' title="bbox 172 955 1496 1007; baseline -0.003 -11"><span class='ocrx_word' id='word_1_105' title='bbox 172 971 414 1007; x_wconf 80' lang='lat' dir='ltr'>magnaeque</span> <span class='ocrx_word' id='word_1_106' title='bbox 471 970 606 996; x_wconf 89' lang='lat' dir='ltr'>eorum</span> <span class='ocrx_word' id='word_1_107' title='bbox 662 963 771 995; x_wconf 88' lang='lat' dir='ltr'>erant</span> <span class='ocrx_word' id='word_1_108' title='bbox 827 955 1041 1002; x_wconf 86' lang='lat' dir='ltr'>clientelae,</span> <span class='ocrx_word' id='word_1_109' title='bbox 1100 956 1322 994; x_wconf 88' lang='lat' dir='ltr'>Germanos</span> <span class='ocrx_word' id='word_1_110' title='bbox 1377 962 1496 1004; x_wconf 87' lang='lat' dir='ltr'>atque</span> 
     </span>
     <span class='ocr_line' id='line_1_20' title="bbox 172 1018 1496 1071; baseline -0.003 -11"><span class='ocrx_word' id='word_1_111' title='bbox 172 1022 410 1060; x_wconf 89' lang='lat' dir='ltr'>Ariovistum</span> <span class='ocrx_word' id='word_1_112' title='bbox 439 1021 513 1060; x_wconf 87' lang='lat' dir='ltr'>sibi</span> <span class='ocrx_word' id='word_1_113' title='bbox 542 1020 798 1060; x_wconf 87' lang='lat' dir='ltr'>adiunxerant</span> <span class='ocrx_word' id='word_1_114' title='bbox 828 1034 975 1071; x_wconf 91' lang='lat' dir='ltr'>eosque</span> <span class='ocrx_word' id='word_1_115' title='bbox 1003 1021 1054 1059; x_wconf 90' lang='lat' dir='ltr'>ad</span> <span class='ocrx_word' id='word_1_116' title='bbox 1088 1033 1130 1058; x_wconf 91' lang='lat' dir='ltr'>se</span> <span class='ocrx_word' id='word_1_117' title='bbox 1160 1019 1310 1070; x_wconf 85' lang='lat' dir='ltr'>magnis</span> <span class='ocrx_word' id='word_1_118' title='bbox 1340 1018 1496 1057; x_wconf 89' lang='lat' dir='ltr'>iacturis</span> 
     </span>
     <span class='ocr_line' id='line_1_21' title="bbox 172 1083 1535 1136; baseline -0.003 -11"><span class='ocrx_word' id='word_1_119' title='bbox 172 1086 597 1136; x_wconf 85' lang='lat' dir='ltr'>pollicitationibusque</span> <span class='ocrx_word' id='word_1_120' title='bbox 611 1086 879 1136; x_wconf 82' lang='lat' dir='ltr'>perduxerant.</span> <span class='ocrx_word' id='word_1_121' title='bbox 945 1083 1105 1122; x_wconf 89' lang='lat' dir='ltr'>Proeliis</span> <span class='ocrx_word' id='word_1_122' title='bbox 1122 1097 1213 1122; x_wconf 91' lang='lat' dir='ltr'>vero</span> <span class='ocrx_word' id='word_1_123' title='bbox 1229 1083 1496 1134; x_wconf 91' lang='lat' dir='ltr'>compluribus</span> <span class='ocrx_word' id='word_1_124' title='bbox 1518 1095 1535 1125; x_wconf 86' lang='lat'>3</span> 
     </span>
     <span class='ocr_line' id='line_1_22' title="bbox 172 1147 1494 1200; baseline -0.002 -11"><span class='ocrx_word' id='word_1_125' title='bbox 172 1151 283 1189; x_wconf 87' lang='lat' dir='ltr'>factis</span> <span class='ocrx_word' id='word_1_126' title='bbox 314 1150 497 1189; x_wconf 89' lang='lat' dir='ltr'>secundis</span> <span class='ocrx_word' id='word_1_127' title='bbox 521 1157 639 1200; x_wconf 87' lang='lat' dir='ltr'>atque</span> <span class='ocrx_word' id='word_1_128' title='bbox 663 1148 771 1188; x_wconf 90' lang='lat' dir='ltr'>omni</span> <span class='ocrx_word' id='word_1_129' title='bbox 793 1147 996 1187; x_wconf 91' lang='lat' dir='ltr'>nobilitate</span> <span class='ocrx_word' id='word_1_130' title='bbox 1024 1149 1254 1187; x_wconf 90' lang='lat' dir='ltr'>Aeduorum</span> <span class='ocrx_word' id='word_1_131' title='bbox 1282 1147 1494 1194; x_wconf 89' lang='lat' dir='ltr'>interfecta,</span> 
     </span>
     <span class='ocr_line' id='line_1_23' title="bbox 176 1211 1536 1265; baseline -0.004 -11"><span class='ocrx_word' id='word_1_132' title='bbox 176 1223 327 1254; x_wconf 86' lang='lat' dir='ltr'>tantum</span> <span class='ocrx_word' id='word_1_133' title='bbox 350 1214 525 1265; x_wconf 91' lang='lat' dir='ltr'>potentia</span> <span class='ocrx_word' id='word_1_134' title='bbox 543 1220 832 1252; x_wconf 84' lang='lat' dir='ltr'>antecesserant</span> <span class='ocrx_word' id='word_1_135' title='bbox 858 1220 899 1251; x_wconf 87' lang='lat' dir='ltr'>ut</span> <span class='ocrx_word' id='word_1_136' title='bbox 925 1225 1106 1262; x_wconf 89' lang='lat' dir='ltr'>magnam</span> <span class='ocrx_word' id='word_1_137' title='bbox 1126 1218 1275 1262; x_wconf 90' lang='lat' dir='ltr'>partem</span> <span class='ocrx_word' id='word_1_138' title='bbox 1296 1211 1495 1250; x_wconf 90' lang='lat' dir='ltr'>clientium</span> <span class='ocrx_word' id='word_1_139' title='bbox 1517 1226 1536 1257; x_wconf 85' lang='lat'><strong>4</strong></span> 
     </span>
     <span class='ocr_line' id='line_1_24' title="bbox 172 1276 1495 1327; baseline -0.003 -9"><span class='ocrx_word' id='word_1_140' title='bbox 172 1281 223 1318; x_wconf 88' lang='lat' dir='ltr'>ab</span> <span class='ocrx_word' id='word_1_141' title='bbox 242 1280 392 1318; x_wconf 90' lang='lat' dir='ltr'>Aeduis</span> <span class='ocrx_word' id='word_1_142' title='bbox 418 1280 470 1318; x_wconf 91' lang='lat' dir='ltr'>ad</span> <span class='ocrx_word' id='word_1_143' title='bbox 500 1292 542 1317; x_wconf 90' lang='lat' dir='ltr'>se</span> <span class='ocrx_word' id='word_1_144' title='bbox 570 1279 818 1317; x_wconf 87' lang='lat' dir='ltr'>traducerent</span> <span class='ocrx_word' id='word_1_145' title='bbox 841 1277 1080 1327; x_wconf 86' lang='lat' dir='ltr'>obsidesque</span> <span class='ocrx_word' id='word_1_146' title='bbox 1108 1277 1158 1315; x_wconf 89' lang='lat' dir='ltr'>ab</span> <span class='ocrx_word' id='word_1_147' title='bbox 1188 1276 1247 1314; x_wconf 91' lang='lat' dir='ltr'>his</span> <span class='ocrx_word' id='word_1_148' title='bbox 1276 1276 1495 1326; x_wconf 90' lang='lat' dir='ltr'>principum</span> 
     </span>
     <span class='ocr_line' id='line_1_25' title="bbox 172 1340 1498 1395; baseline -0.004 -12"><span class='ocrx_word' id='word_1_149' title='bbox 172 1345 272 1383; x_wconf 88' lang='lat' dir='ltr'>filios</span> <span class='ocrx_word' id='word_1_150' title='bbox 300 1344 521 1395; x_wconf 90' lang='lat' dir='ltr'>acciperent</span> <span class='ocrx_word' id='word_1_151' title='bbox 548 1350 587 1381; x_wconf 87' lang='lat' dir='ltr'>et</span> <span class='ocrx_word' id='word_1_152' title='bbox 612 1343 770 1392; x_wconf 91' lang='lat' dir='ltr'>publice</span> <span class='ocrx_word' id='word_1_153' title='bbox 798 1342 922 1380; x_wconf 92' lang='lat' dir='ltr'>iurare</span> <span class='ocrx_word' id='word_1_154' title='bbox 952 1348 1145 1391; x_wconf 87' lang='lat' dir='ltr'>cogerent,</span> <span class='ocrx_word' id='word_1_155' title='bbox 1169 1340 1265 1378; x_wconf 87' lang='lat' dir='ltr'>nihil</span> <span class='ocrx_word' id='word_1_156' title='bbox 1295 1354 1336 1379; x_wconf 91' lang='lat' dir='ltr'>se</span> <span class='ocrx_word' id='word_1_157' title='bbox 1363 1348 1498 1379; x_wconf 90' lang='lat' dir='ltr'>contra</span> 
     </span>
     <span class='ocr_line' id='line_1_26' title="bbox 173 1405 1497 1460; baseline -0.005 -12"><span class='ocrx_word' id='word_1_158' title='bbox 173 1411 376 1460; x_wconf 89' lang='lat' dir='ltr'>Sequanos</span> <span class='ocrx_word' id='word_1_159' title='bbox 410 1408 547 1447; x_wconf 89' lang='lat' dir='ltr'>consili</span> <span class='ocrx_word' id='word_1_160' title='bbox 577 1407 751 1454; x_wconf 88' lang='lat' dir='ltr'>inituros,</span> <span class='ocrx_word' id='word_1_161' title='bbox 787 1414 825 1444; x_wconf 91' lang='lat' dir='ltr'>et</span> <span class='ocrx_word' id='word_1_162' title='bbox 859 1413 1009 1456; x_wconf 89' lang='lat' dir='ltr'>partem</span> <span class='ocrx_word' id='word_1_163' title='bbox 1041 1405 1195 1443; x_wconf 88' lang='lat' dir='ltr'>finitimi</span> <span class='ocrx_word' id='word_1_164' title='bbox 1224 1405 1303 1455; x_wconf 89' lang='lat' dir='ltr'>agri</span> <span class='ocrx_word' id='word_1_165' title='bbox 1332 1419 1400 1455; x_wconf 92' lang='lat' dir='ltr'>per</span> <span class='ocrx_word' id='word_1_166' title='bbox 1420 1405 1497 1443; x_wconf 89' lang='lat' dir='ltr'>vim</span> 
     </span>
     <span class='ocr_line' id='line_1_27' title="bbox 173 1470 1498 1525; baseline -0.005 -12"><span class='ocrx_word' id='word_1_167' title='bbox 173 1481 404 1525; x_wconf 88' lang='lat' dir='ltr'>occupatam</span> <span class='ocrx_word' id='word_1_168' title='bbox 444 1472 689 1524; x_wconf 89' lang='lat' dir='ltr'>possiderent</span> <span class='ocrx_word' id='word_1_169' title='bbox 719 1471 948 1521; x_wconf 88' lang='lat' dir='ltr'>Galliaeque</span> <span class='ocrx_word' id='word_1_170' title='bbox 983 1470 1101 1509; x_wconf 89' lang='lat' dir='ltr'>totius</span> <span class='ocrx_word' id='word_1_171' title='bbox 1141 1470 1401 1520; x_wconf 89' lang='lat' dir='ltr'>principatum</span> <span class='ocrx_word' id='word_1_172' title='bbox 1431 1470 1498 1508; x_wconf 91' lang='lat' dir='ltr'>ob-</span> 
     </span>
     <span class='ocr_line' id='line_1_28' title="bbox 173 1535 1535 1587; baseline -0.002 -9"><span class='ocrx_word' id='word_1_173' title='bbox 173 1540 349 1578; x_wconf 90' lang='lat' dir='ltr'>tinerent.</span> <span class='ocrx_word' id='word_1_174' title='bbox 428 1540 519 1587; x_wconf 87' lang='lat' dir='ltr'>Qua</span> <span class='ocrx_word' id='word_1_175' title='bbox 570 1537 801 1576; x_wconf 86' lang='lat' dir='ltr'>necessitate</span> <span class='ocrx_word' id='word_1_176' title='bbox 851 1537 1047 1575; x_wconf 87' lang='lat' dir='ltr'>adductus</span> <span class='ocrx_word' id='word_1_177' title='bbox 1097 1536 1331 1583; x_wconf 87' lang='lat' dir='ltr'>Diviciacus,</span> <span class='ocrx_word' id='word_1_178' title='bbox 1380 1535 1496 1573; x_wconf 86' lang='lat' dir='ltr'>auxili</span> <span class='ocrx_word' id='word_1_179' title='bbox 1518 1545 1535 1575; x_wconf 85' lang='grc'><strong><em>5</em></strong></span> 
     </span>
     <span class='ocr_line' id='line_1_29' title="bbox 174 1599 1498 1654; baseline -0.004 -12"><span class='ocrx_word' id='word_1_180' title='bbox 174 1603 334 1654; x_wconf 90' lang='lat' dir='ltr'>petendi</span> <span class='ocrx_word' id='word_1_181' title='bbox 362 1616 481 1641; x_wconf 88' lang='lat' dir='ltr'>causa</span> <span class='ocrx_word' id='word_1_182' title='bbox 509 1604 681 1641; x_wconf 90' lang='lat' dir='ltr'>Romam</span> <span class='ocrx_word' id='word_1_183' title='bbox 728 1602 779 1639; x_wconf 89' lang='lat' dir='ltr'>ad</span> <span class='ocrx_word' id='word_1_184' title='bbox 818 1608 997 1639; x_wconf 86' lang='lat' dir='ltr'>senatum</span> <span class='ocrx_word' id='word_1_185' title='bbox 1036 1601 1232 1650; x_wconf 90' lang='lat' dir='ltr'>profectus</span> <span class='ocrx_word' id='word_1_186' title='bbox 1271 1599 1498 1649; x_wconf 88' lang='lat' dir='ltr'>imperfecta</span> 
     </span>
     <span class='ocr_line' id='line_1_30' title="bbox 175 1663 1538 1710; baseline -0.004 -3"><span class='ocrx_word' id='word_1_187' title='bbox 175 1682 214 1707; x_wconf 90' lang='lat' dir='ltr'>re</span> <span class='ocrx_word' id='word_1_188' title='bbox 243 1667 417 1707; x_wconf 90' lang='lat' dir='ltr'>redierat.</span> <span class='ocrx_word' id='word_1_189' title='bbox 478 1668 664 1705; x_wconf 90' lang='lat' dir='ltr'>Adventu</span> <span class='ocrx_word' id='word_1_190' title='bbox 685 1665 862 1704; x_wconf 87' lang='lat' dir='ltr'>Caesaris</span> <span class='ocrx_word' id='word_1_191' title='bbox 890 1666 992 1703; x_wconf 89' lang='lat' dir='ltr'>facta</span> <span class='ocrx_word' id='word_1_192' title='bbox 1017 1663 1326 1703; x_wconf 89' lang='lat' dir='ltr'>commutatione</span> <span class='ocrx_word' id='word_1_193' title='bbox 1356 1676 1495 1710; x_wconf 91' lang='lat' dir='ltr'>rerum,</span> <span class='ocrx_word' id='word_1_194' title='bbox 1518 1670 1538 1702; x_wconf 88' lang='lat'><strong>6</strong></span> 
     </span>
     <span class='ocr_line' id='line_1_31' title="bbox 175 1727 1497 1776; baseline -0.004 -6"><span class='ocrx_word' id='word_1_195' title='bbox 175 1732 381 1770; x_wconf 87' lang='lat' dir='ltr'>obsidibus</span> <span class='ocrx_word' id='word_1_196' title='bbox 421 1730 570 1770; x_wconf 88' lang='lat' dir='ltr'>Aeduis</span> <span class='ocrx_word' id='word_1_197' title='bbox 617 1729 790 1776; x_wconf 87' lang='lat' dir='ltr'>redditis,</span> <span class='ocrx_word' id='word_1_198' title='bbox 832 1728 1027 1768; x_wconf 89' lang='lat' dir='ltr'>veteribus</span> <span class='ocrx_word' id='word_1_199' title='bbox 1071 1727 1260 1766; x_wconf 89' lang='lat' dir='ltr'>clientelis</span> <span class='ocrx_word' id='word_1_200' title='bbox 1301 1727 1497 1774; x_wconf 88' lang='lat' dir='ltr'>restitutis,</span> 
     </span>
     <span class='ocr_line' id='line_1_32' title="bbox 177 1791 1498 1846; baseline -0.003 -12"><span class='ocrx_word' id='word_1_201' title='bbox 177 1795 286 1834; x_wconf 87' lang='lat' dir='ltr'>novis</span> <span class='ocrx_word' id='word_1_202' title='bbox 315 1809 384 1846; x_wconf 90' lang='lat' dir='ltr'>per</span> <span class='ocrx_word' id='word_1_203' title='bbox 412 1796 620 1834; x_wconf 90' lang='lat' dir='ltr'>Caesarem</span> <span class='ocrx_word' id='word_1_204' title='bbox 650 1793 894 1844; x_wconf 89' lang='lat' dir='ltr'>comparatis,</span> <span class='ocrx_word' id='word_1_205' title='bbox 917 1794 1025 1843; x_wconf 91' lang='lat' dir='ltr'>quod</span> <span class='ocrx_word' id='word_1_206' title='bbox 1055 1792 1090 1831; x_wconf 92' lang='lat' dir='ltr'>ei</span> <span class='ocrx_word' id='word_1_207' title='bbox 1119 1791 1186 1842; x_wconf 88' lang='lat' dir='ltr'>qui</span> <span class='ocrx_word' id='word_1_208' title='bbox 1216 1805 1257 1830; x_wconf 90' lang='lat' dir='ltr'>se</span> <span class='ocrx_word' id='word_1_209' title='bbox 1276 1792 1328 1830; x_wconf 91' lang='lat' dir='ltr'>ad</span> <span class='ocrx_word' id='word_1_210' title='bbox 1363 1805 1498 1830; x_wconf 90' lang='lat' dir='ltr'>eorum</span> 
     </span>
     <span class='ocr_line' id='line_1_33' title="bbox 175 1856 1502 1910; baseline -0.004 -11"><span class='ocrx_word' id='word_1_211' title='bbox 175 1860 387 1899; x_wconf 89' lang='lat' dir='ltr'>amicitiam</span> <span class='ocrx_word' id='word_1_212' title='bbox 413 1865 713 1910; x_wconf 84' lang='lat' dir='ltr'>aggregaverant</span> <span class='ocrx_word' id='word_1_213' title='bbox 741 1858 900 1897; x_wconf 90' lang='lat' dir='ltr'>meliore</span> <span class='ocrx_word' id='word_1_214' title='bbox 924 1857 1160 1896; x_wconf 88' lang='lat' dir='ltr'>condicione</span> <span class='ocrx_word' id='word_1_215' title='bbox 1179 1864 1297 1907; x_wconf 89' lang='lat' dir='ltr'>atque</span> <span class='ocrx_word' id='word_1_216' title='bbox 1316 1856 1502 1907; x_wconf 90' lang='lat' dir='ltr'>aequiore</span> 
     </span>
     <span class='ocr_line' id='line_1_34' title="bbox 178 1920 1504 1976; baseline -0.004 -11"><span class='ocrx_word' id='word_1_217' title='bbox 178 1925 342 1976; x_wconf 90' lang='lat' dir='ltr'>imperio</span> <span class='ocrx_word' id='word_1_218' title='bbox 388 1940 429 1965; x_wconf 87' lang='lat' dir='ltr'>se</span> <span class='ocrx_word' id='word_1_219' title='bbox 479 1924 535 1963; x_wconf 92' lang='lat' dir='ltr'>uti</span> <span class='ocrx_word' id='word_1_220' title='bbox 581 1924 779 1970; x_wconf 88' lang='lat' dir='ltr'>videbant,</span> <span class='ocrx_word' id='word_1_221' title='bbox 832 1921 989 1972; x_wconf 89' lang='lat' dir='ltr'>reliquis</span> <span class='ocrx_word' id='word_1_222' title='bbox 1039 1922 1155 1960; x_wconf 90' lang='lat' dir='ltr'>rebus</span> <span class='ocrx_word' id='word_1_223' title='bbox 1203 1934 1340 1960; x_wconf 90' lang='lat' dir='ltr'>eorum</span> <span class='ocrx_word' id='word_1_224' title='bbox 1383 1920 1504 1970; x_wconf 88' lang='lat' dir='ltr'>gratia</span> 
     </span>
     <span class='ocr_line' id='line_1_35' title="bbox 176 1983 1499 2039; baseline -0.005 -11"><span class='ocrx_word' id='word_1_225' title='bbox 176 1989 444 2039; x_wconf 82' lang='lat' dir='ltr'>dignitateque</span> <span class='ocrx_word' id='word_1_226' title='bbox 481 1985 728 2037; x_wconf 88' lang='lat' dir='ltr'>amplificata,</span> <span class='ocrx_word' id='word_1_227' title='bbox 761 1984 932 2034; x_wconf 88' lang='lat' dir='ltr'>Sequani</span> <span class='ocrx_word' id='word_1_228' title='bbox 967 1983 1230 2034; x_wconf 89' lang='lat' dir='ltr'>principatum</span> <span class='ocrx_word' id='word_1_229' title='bbox 1260 1983 1499 2023; x_wconf 90' lang='lat' dir='ltr'>dimiserant.</span> 
     </span>
     <span class='ocr_line' id='line_1_36' title="bbox 179 2049 1540 2098; baseline -0.004 -7"><span class='ocrx_word' id='word_1_230' title='bbox 179 2056 226 2091; x_wconf 89' lang='lat' dir='ltr'>In</span> <span class='ocrx_word' id='word_1_231' title='bbox 256 2066 391 2091; x_wconf 90' lang='lat' dir='ltr'>eorum</span> <span class='ocrx_word' id='word_1_232' title='bbox 411 2053 543 2090; x_wconf 90' lang='lat' dir='ltr'>locum</span> <span class='ocrx_word' id='word_1_233' title='bbox 565 2050 681 2088; x_wconf 90' lang='lat' dir='ltr'>Remi</span> <span class='ocrx_word' id='word_1_234' title='bbox 702 2055 968 2087; x_wconf 87' lang='lat' dir='ltr'>successerant</span> <span class='ocrx_word' id='word_1_235' title='bbox 987 2063 993 2086; x_wconf 92' lang='lat'>:</span> <span class='ocrx_word' id='word_1_236' title='bbox 1024 2061 1123 2098; x_wconf 91' lang='lat' dir='ltr'>quos</span> <span class='ocrx_word' id='word_1_237' title='bbox 1153 2049 1261 2098; x_wconf 91' lang='lat' dir='ltr'>quod</span> <span class='ocrx_word' id='word_1_238' title='bbox 1282 2049 1502 2098; x_wconf 87' lang='lat' dir='ltr'>adaequare</span> <span class='ocrx_word' id='word_1_239' title='bbox 1524 2061 1540 2096; x_wconf 88' lang='lat'><strong>7</strong></span> 
     </span>
     <span class='ocr_line' id='line_1_37' title="bbox 177 2112 1502 2167; baseline -0.004 -11"><span class='ocrx_word' id='word_1_240' title='bbox 177 2118 283 2167; x_wconf 90' lang='lat' dir='ltr'>apud</span> <span class='ocrx_word' id='word_1_241' title='bbox 313 2118 521 2156; x_wconf 88' lang='lat' dir='ltr'>Caesarem</span> <span class='ocrx_word' id='word_1_242' title='bbox 550 2114 670 2165; x_wconf 90' lang='lat' dir='ltr'>gratia</span> <span class='ocrx_word' id='word_1_243' title='bbox 693 2113 999 2163; x_wconf 87' lang='lat' dir='ltr'>intellegebatur,</span> <span class='ocrx_word' id='word_1_244' title='bbox 1022 2113 1057 2151; x_wconf 93' lang='lat' dir='ltr'>ei</span> <span class='ocrx_word' id='word_1_245' title='bbox 1081 2112 1148 2162; x_wconf 92' lang='lat' dir='ltr'>qui</span> <span class='ocrx_word' id='word_1_246' title='bbox 1178 2119 1335 2162; x_wconf 89' lang='lat' dir='ltr'>propter</span> <span class='ocrx_word' id='word_1_247' title='bbox 1354 2119 1502 2151; x_wconf 90' lang='lat' dir='ltr'>veteres</span> 
     </span>
     <span class='ocr_line' id='line_1_38' title="bbox 179 2177 1502 2226; baseline -0.005 -6"><span class='ocrx_word' id='word_1_248' title='bbox 179 2182 400 2220; x_wconf 87' lang='lat' dir='ltr'>inimicitias</span> <span class='ocrx_word' id='word_1_249' title='bbox 440 2182 548 2219; x_wconf 91' lang='lat' dir='ltr'>nullo</span> <span class='ocrx_word' id='word_1_250' title='bbox 595 2180 716 2218; x_wconf 92' lang='lat' dir='ltr'>modo</span> <span class='ocrx_word' id='word_1_251' title='bbox 764 2191 854 2217; x_wconf 92' lang='lat' dir='ltr'>cum</span> <span class='ocrx_word' id='word_1_252' title='bbox 896 2177 1046 2216; x_wconf 88' lang='lat' dir='ltr'>Aeduis</span> <span class='ocrx_word' id='word_1_253' title='bbox 1090 2177 1275 2226; x_wconf 89' lang='lat' dir='ltr'>coniungi</span> <span class='ocrx_word' id='word_1_254' title='bbox 1323 2183 1502 2226; x_wconf 90' lang='lat' dir='ltr'>poterant</span> 
     </span>
     <span class='ocr_line' id='line_1_39' title="bbox 180 2240 1539 2290; baseline -0.004 -5"><span class='ocrx_word' id='word_1_255' title='bbox 180 2261 220 2285; x_wconf 88' lang='lat' dir='ltr'>se</span> <span class='ocrx_word' id='word_1_256' title='bbox 262 2246 398 2285; x_wconf 90' lang='lat' dir='ltr'>Remis</span> <span class='ocrx_word' id='word_1_257' title='bbox 441 2245 480 2282; x_wconf 89' lang='lat' dir='ltr'>in</span> <span class='ocrx_word' id='word_1_258' title='bbox 524 2244 747 2283; x_wconf 88' lang='lat' dir='ltr'>clientelam</span> <span class='ocrx_word' id='word_1_259' title='bbox 789 2242 984 2281; x_wconf 91' lang='lat' dir='ltr'>dicabant.</span> <span class='ocrx_word' id='word_1_260' title='bbox 1057 2243 1146 2279; x_wconf 88' lang='lat' dir='ltr'>Hos</span> <span class='ocrx_word' id='word_1_261' title='bbox 1190 2240 1245 2278; x_wconf 91' lang='lat' dir='ltr'>illi</span> <span class='ocrx_word' id='word_1_262' title='bbox 1294 2240 1539 2290; x_wconf 72' lang='lat' dir='ltr'>diligenterss</span> 
     </span>
     <span class='ocr_line' id='line_1_40' title="bbox 180 2305 1500 2355; baseline -0.006 -5"><span class='ocrx_word' id='word_1_263' title='bbox 180 2312 414 2350; x_wconf 86' lang='lat' dir='ltr'>tuebantur:</span> <span class='ocrx_word' id='word_1_264' title='bbox 445 2309 498 2347; x_wconf 87' lang='lat' dir='ltr'>ita</span> <span class='ocrx_word' id='word_1_265' title='bbox 526 2316 563 2346; x_wconf 89' lang='lat' dir='ltr'>et</span> <span class='ocrx_word' id='word_1_266' title='bbox 595 2321 738 2346; x_wconf 87' lang='lat' dir='ltr'>novam</span> <span class='ocrx_word' id='word_1_267' title='bbox 760 2313 797 2344; x_wconf 93' lang='lat' dir='ltr'>et</span> <span class='ocrx_word' id='word_1_268' title='bbox 818 2313 978 2355; x_wconf 87' lang='lat' dir='ltr'>repente</span> <span class='ocrx_word' id='word_1_269' title='bbox 999 2307 1205 2343; x_wconf 90' lang='lat' dir='ltr'>collectam</span> <span class='ocrx_word' id='word_1_270' title='bbox 1226 2305 1500 2343; x_wconf 89' lang='lat' dir='ltr'>auctoritatem</span> 
     </span>
    </p>
   </div>
   <div class='ocr_carea' id='block_1_9' title="bbox 655 2408 1036 2450">
    <p class='ocr_par' dir='ltr' id='par_1_10' title="bbox 655 2408 1036 2450">
     <span class='ocr_line' id='line_1_41' title="bbox 655 2408 1036 2450; baseline -0.013 -9"><span class='ocrx_word' id='word_1_271' title='bbox 655 2420 674 2450; x_wconf 86' lang='lat'>3</span> <span class='ocrx_word' id='word_1_272' title='bbox 702 2410 816 2450; x_wconf 82' lang='lat' dir='ltr'>Itaque</span> <span class='ocrx_word' id='word_1_273' title='bbox 832 2419 871 2438; x_wconf 84' lang='lat' dir='ltr'>a:</span> <span class='ocrx_word' id='word_1_274' title='bbox 898 2408 997 2448; x_wconf 89' lang='lat' dir='ltr'>idque</span> <span class='ocrx_word' id='word_1_275' title='bbox 1013 2410 1036 2442; x_wconf 83' lang='grc' dir='ltr'><strong><em>β</em></strong></span> 
     </span>
    </p>
   </div>
  </div>
 </body>
</html>
