1768 2739
798 140 844 176 A.
880 141 916 176 H
927 141 1043 176 IRTI

261 248 431 288 mentius
469 251 773 288 contenderetur
810 264 856 288 ac
895 251 1120 289 Volusenus
1158 250 1280 300 ipsius
1314 250 1587 301 intercipiendi

260 313 420 352 Commi
452 314 666 364 cupiditate
697 314 932 364 pertinacius
971 328 1062 353 eum
1097 328 1188 353 cum
1222 315 1357 365 paucis
1389 315 1589 354 insecutus

259 386 372 425 esset,
408 378 471 417 ille
509 386 640 417 autem
675 381 765 428 fuga
799 379 1022 417 vehementi
1056 381 1304 418 Volusenum
1342 379 1588 430 produxisset

259 443 424 493 longius,
466 443 648 482 inimicus
683 443 834 482 homini
873 452 1033 493 repente
1072 458 1232 482 suorum
1272 444 1429 483 invocat
1467 446 1588 483 fidem

257 516 376 558 atque
409 508 607 556 auxilium,
639 522 689 547 ne
728 522 798 547 sua
828 510 988 547 vulnera
1016 522 1085 558 per
1117 510 1236 548 fidem
1272 509 1456 559 imposita
1485 517 1589 559 pate-

258 580 390 611 rentur
428 573 621 624 impunita
655 587 924 623 conversoque
959 587 1061 623 equo
1093 588 1134 612 se
1167 588 1190 612 a
1221 574 1360 612 ceteris
1394 574 1588 613 incautius

219 637 446 688 4permittit
484 638 523 676 in
561 639 811 688 praefectum.
872 637 1038 676 Faciunt
1071 639 1148 677 hoc
1182 638 1287 677 idem
1327 652 1465 677 omnes
1505 638 1588 677 eius

258 702 409 752 equites
448 716 675 752 paucosque
710 709 863 740 nostros
895 710 1129 741 convertunt
1162 711 1281 753 atque
1315 703 1583 753 insequuntur.

221 781 237 811 5
259 767 464 806 Commius
515 767 720 805 incensum
774 767 988 805 calcaribus
1037 781 1184 818 equum
1232 768 1435 817 coniungit
1483 782 1587 818 equo

258 832 449 880 Quadrati
471 833 686 882 lanceaque
707 831 848 870 infesta
867 846 914 870 ac
930 831 1080 881 magnis
1097 832 1243 871 viribus
1265 832 1440 870 medium
1460 834 1587 871 femur

219 902 237 932 6
258 897 381 935 traicit
413 897 614 935 Voluseni.
676 899 877 935 Praefecto
906 899 1110 935 vulnerato
1141 911 1222 936 non
1253 897 1435 936 dubitant
1464 897 1586 936 nostri

221 961 432 1009 7resistere
471 970 509 1000 et
555 962 751 1000 conversis
798 962 908 1012 equis
948 964 1103 1001 hostem
1142 964 1296 1012 pellere.
1358 962 1480 1011 Quod
1518 961 1586 1000 ubi

254 1026 409 1074 accidit,
426 1028 648 1077 complures
665 1027 837 1065 hostium
854 1041 997 1077 magno
1013 1035 1235 1066 nostrorum
1253 1027 1402 1077 impetu
1418 1026 1586 1077 perculsi

255 1093 506 1130 vulnerantur
532 1105 578 1130 ac
605 1091 744 1141 partim
776 1091 815 1129 in
837 1093 927 1141 fuga
947 1099 1207 1141 proteruntur,
1231 1091 1371 1141 partim
1393 1090 1586 1141 intercipi-

255 1163 380 1195 untur.
443 1158 563 1206 Quod
594 1156 661 1195 ubi
692 1158 838 1195 malum
870 1158 948 1195 dux
976 1157 1066 1207 equi
1087 1157 1294 1195 velocitate
1324 1156 1491 1203 evitavit,
1514 1160 1584 1197 ‘tac

253 1221 309 1261 si†
330 1221 480 1271 proelio
510 1223 687 1260 secundo
714 1221 878 1271 graviter
904 1223 955 1260 ab
975 1236 1023 1260 eo
1044 1224 1267 1260 vulneratus
1288 1223 1519 1272 praefectus,
1542 1229 1585 1260 ut

216 1295 233 1325 8
254 1286 354 1325 vitae
375 1286 591 1337 periculum
612 1286 788 1325 aditurus
805 1286 1010 1333 videretur,
1030 1288 1190 1325 refertur
1211 1286 1250 1324 in
1272 1294 1406 1325 castra.
1467 1288 1584 1326 Corn-

254 1350 354 1389 mius
392 1358 535 1398 autem,
578 1351 657 1389 sive
696 1351 851 1400 expiato
890 1365 962 1390 suo
1001 1352 1137 1390 dolore
1176 1351 1256 1389 sive
1296 1364 1438 1401 magna
1475 1359 1584 1402 parte

252 1415 395 1454 amissa
428 1429 599 1462 suorum,
636 1417 783 1464 legatos
817 1417 867 1454 ad
902 1415 1123 1454 Antonium
1159 1415 1275 1453 mittit
1310 1429 1431 1466 seque
1461 1423 1500 1454 et
1528 1416 1583 1455 ibi

253 1481 425 1518 futurum
460 1480 527 1518 ubi
559 1480 847 1530 praescripserit
879 1488 917 1518 et
952 1494 997 1518 ea
1024 1482 1216 1518 facturum
1253 1494 1353 1530 quae
1385 1480 1583 1530 imperarit

213 1562 233 1593 9
253 1544 457 1583 obsidibus
478 1544 579 1583 datis
600 1545 725 1582 firmat
740 1559 750 1592 3
781 1558 902 1582 unum
925 1545 1021 1583 illud
1046 1552 1129 1583 orat
1156 1553 1199 1583 ut
1228 1544 1357 1583 timori
1389 1558 1460 1583 suo
1492 1559 1583 1584 con-

252 1611 423 1656 cedatur,
464 1623 514 1647 ne
552 1609 591 1647 in
638 1617 896 1659 conspectum
941 1609 1072 1648 veniat
1116 1609 1348 1659 cuiusquam
1396 1610 1578 1648 Romani.

252 1674 374 1713 Cuius
395 1673 701 1724 postulationem
722 1674 920 1713 Antonius
941 1688 1032 1713 cum
1053 1674 1243 1713 iudicaret
1273 1675 1324 1714 ab
1351 1674 1453 1713 iusto
1473 1675 1582 1713 nasci

251 1737 401 1785 timore,
424 1739 578 1777 veniam
599 1738 748 1788 petenti
769 1739 889 1786 dedit,
913 1739 1072 1778 obsides
1092 1739 1254 1789 accepit.

192 1871 231 1892 10
304 1854 401 1891 Sc10
431 1854 639 1892 Caesarem
671 1853 911 1903 singulorum
945 1868 1139 1892 annorum
1171 1854 1344 1904 singulos
1382 1868 1582 1893 commen-

250 1917 365 1955 tarios
412 1918 653 1966 confecisse3
711 1919 819 1968 quod
858 1933 930 1969 ego
978 1933 1058 1957 non
1107 1919 1321 1958 existimavi
1360 1919 1456 1957 mihi
1495 1934 1580 1958 esse

249 1982 484 2029 faciendum,
518 1990 723 2032 propterea
753 1985 861 2033 quod
891 1983 1102 2034 insequens
1132 1998 1269 2031 annus,
1302 1986 1345 2021 L.
1378 1986 1502 2022 Paulo
1531 1986 1576 2023 C.

250 2047 440 2085 Marcello
464 2047 702 2095 consulibus,
727 2050 852 2086 nullas
880 2063 939 2087 res
961 2049 1110 2087 Galliae
1141 2050 1260 2088 habet
1288 2062 1431 2098 magno
1460 2062 1579 2099 opere

192 2132 227 2153 11
248 2118 385 2161 gestas.
457 2113 518 2150 Ne
550 2111 636 2161 quis
669 2120 801 2151 tamen
835 2113 1028 2163 ignoraret
1060 2113 1203 2164 quibus
1235 2113 1274 2151 in
1307 2113 1402 2152 locis
1434 2114 1579 2153 Caesar

291 2226 309 2253 4
335 2220 476 2254 repente
494 2227 559 2247 om.
576 2216 656 2247 B‘T
718 2222 792 2248 (mle
809 2228 944 2248 suorum
962 2218 1079 2248 habent
1095 2219 1242 2249 omnium
1259 2220 1283 2252 β
1472 2228 1491 2257 5
1516 2229 1578 2258 per

248 2259 348 2288 fidem
362 2259 420 2289 B':
441 2259 583 2298 perfidia
600 2264 664 2291 cett.
721 2261 875 2300 imposita
888 2261 932 2301 D,
949 2262 1082 2292 Gruter:
1104 2263 1303 2301 interposita
1315 2260 1406 2295 A'ss:
1428 2262 1575 2301 interpo—

247 2302 342 2332 sitam
360 2302 403 2332 B‘
496 2314 534 2334 10
560 2313 597 2333 ac
609 2303 677 2333 A‘:
703 2315 722 2334 a
738 2304 799 2335 B':
820 2315 885 2335 om.
898 2307 921 2339 β
1013 2314 1051 2343 15
1077 2306 1129 2335 ubi
1143 2304 1197 2334 X:
1218 2316 1284 2335 0111.
1297 2304 1360 2336 cod.
1374 2305 1576 2335 Norvl'censz's

247 2354 285 2374 ac
303 2345 331 2374 si
351 2346 415 2381 <sic
432 2346 495 2376 cod.
516 2346 735 2387 Norvicensis)
760 2348 889 2386 proelio
912 2349 1062 2378 secundo
1079 2360 1143 2380 om.
1162 2348 1234 2382 A‘ss
1415 2349 1453 2378 16
1476 2348 1516 2378 ab
1533 2358 1573 2378 eo

248 2398 310 2417 0112.
329 2388 416 2422 A‘B:
444 2390 529 2419 adeo
552 2389 669 2420 W'ln'tle
779 2401 816 2420 21
845 2392 931 2421 datis
949 2402 1014 2422 om.
1033 2391 1076 2422 B‘
1186 2402 1225 2430 27
1254 2392 1288 2421 L.
1305 2391 1437 2422 Aldus:
1462 2392 1497 2422 T.
1517 2389 1556 2419 X

1609 847 1646 870 10

1610 1175 1640 1206 15

1604 1490 1644 1511 20
