1768 2739
480 145 555 182 DE
586 143 766 181 BELLO
796 142 1042 181 GALLICO
1072 142 1174 179 LIB.
1206 143 1243 178 V

198 256 349 306 aliquos
371 262 541 306 repertos
563 253 756 305 principes
779 253 970 292 inferendi
987 253 1077 292 belli
1094 260 1321 303 tantamque
1337 253 1521 291 omnibus

198 323 444 360 voluntatum
476 319 827 359 commutationem
858 318 998 365 attulit,
1031 326 1074 357 ut
1108 326 1258 369 praeter
1292 320 1454 357 Aeduos
1484 326 1522 356 et

200 387 359 433 Remos,
400 398 498 436 quos
537 384 747 435 praecipuo
786 397 940 434 semper
982 385 1131 422 honore
1179 385 1324 423 Caesar
1371 382 1519 430 habuit,

196 452 337 489 alteros
359 464 428 501 pro
448 458 575 488 vetere
595 463 640 488 ac
662 457 850 499 perpetua
866 463 954 499 erga
971 450 1161 499 populum
1180 450 1406 487 Romanum
1428 449 1519 494 fide,

159 530 175 559 5
196 517 336 554 alteros
358 528 428 565 pro
458 514 679 553 recentibus
704 514 843 552 Gallici
872 513 962 552 belli
990 513 1137 560 officiis,
1160 514 1267 551 nulla
1286 514 1365 551 fere
1385 512 1520 551 civitas

197 579 308 624 fuerit
340 593 419 618 non
448 587 629 630 suspecta
660 579 783 617 nobis.
846 580 973 628 quue
1002 580 1102 617 adeo
1132 579 1239 617 haud
1270 578 1352 616 scio
1383 576 1520 615 miran-
1541 587 1558 617 5

195 645 344 682 dumne
376 644 432 691 sit,
457 657 547 682 cum
579 644 846 694 compluribus
875 643 959 681 aliis
991 645 1041 682 de
1071 642 1208 689 causis,
1238 650 1320 681 tum
1352 641 1520 680 maxime

196 710 304 758 quod
329 709 363 747 ei
393 709 460 759 qui
487 709 626 747 virtute
658 709 749 747 belli
777 708 961 747 omnibus
990 708 1171 758 gentibus
1203 707 1521 758 praeferebantur

196 780 347 812 tantum
369 787 410 812 se
430 773 512 812 eius
533 773 729 824 opinionis
757 772 1026 823 deperdidisse
1053 780 1095 811 ut
1118 786 1140 811 a
1165 773 1313 822 populo
1336 773 1520 810 Romano

138 851 176 873 10
195 837 356 888 imperia
376 839 589 889 perferrent
609 838 833 889 gravissime
852 838 1051 877 dolebant.

247 903 405 942 Treveri
446 917 537 942 vero
572 911 690 954 atque
727 903 1020 942 Indutiomarus
1049 902 1168 941 totius
1197 902 1337 940 hiemis
1369 903 1518 940 nullum
1538 909 1589 948 55

194 974 348 1018 tempus
369 967 657 1007 intermiserunt
681 968 776 1018 quin
801 975 904 1006 trans
926 969 1113 1006 Rhenum
1140 969 1287 1017 legatos
1309 966 1517 1012 mitterent,

193 1031 367 1071 civitates
403 1032 663 1080 sollicitarent,
699 1032 885 1083 pecunias
917 1032 1203 1082 pollicerentur,
1237 1045 1377 1082 magna
1411 1038 1519 1082 parte

193 1096 382 1135 exercitus
404 1097 524 1136 nostri
545 1097 747 1136 interfecta
768 1099 892 1136 multo
913 1097 1104 1136 minorem
1126 1109 1328 1147 superesse
1344 1096 1518 1134 dicerent

138 1175 173 1207 15
194 1168 352 1209 partem.
414 1163 555 1212 Neque
577 1169 707 1200 tamen
729 1161 796 1200 ulli
820 1161 965 1199 civitati
987 1163 1273 1199 Germanorum
1294 1160 1517 1210 persuaderi
1540 1176 1554 1196 2

193 1225 319 1274 potuit
346 1233 388 1264 ut
410 1228 595 1265 Rhenum
626 1226 812 1273 transiret,
846 1239 936 1264 cum
966 1239 1007 1264 se
1034 1226 1092 1264 bis
1124 1232 1303 1276 expertos
1329 1224 1515 1271 dicerent,

191 1291 376 1331 Ariovisti
403 1293 507 1331 bello
539 1300 577 1331 et
609 1294 892 1331 Tencterorum
921 1292 1106 1330 transitu:
1138 1304 1218 1330 non
1246 1304 1330 1330 esse
1349 1290 1517 1340 amplius

192 1357 386 1395 fortunam
408 1364 674 1408 temptaturos.
737 1359 827 1395 Hac
848 1370 916 1408 spe
937 1358 1067 1407 lapsus
1086 1355 1378 1395 Indutiomarus
1395 1355 1517 1393 nihilo
1537 1367 1553 1396 3

191 1421 319 1460 minus
351 1422 484 1473 copias
517 1435 666 1472 cogere,
709 1434 896 1468 exercere,
934 1435 957 1459 a
995 1420 1170 1459 finitimis
1209 1433 1331 1470 equos
1370 1432 1514 1470 parare,

132 1504 172 1526 20
190 1488 340 1525 exsules
380 1488 667 1537 damnatosque
706 1494 787 1525 tota
826 1486 953 1525 Gallia
992 1485 1141 1536 magnis
1181 1484 1362 1535 praemiis
1393 1485 1444 1523 ad
1476 1498 1517 1522 se

189 1551 343 1590 allicere
377 1551 517 1602 coepit.
577 1554 637 1590 Ac
668 1558 817 1589 tantam
849 1550 923 1588 sibi
955 1550 1032 1589 iarn
1064 1549 1124 1589 his
1156 1550 1271 1589 rebus
1310 1550 1349 1588 in
1389 1550 1554 1595 Gallia4

191 1615 462 1654 auctoritatem
497 1622 790 1666 comparaverat
819 1622 861 1653 ut
890 1614 1065 1664 undique
1094 1616 1144 1652 ad
1176 1627 1266 1652 eum
1301 1613 1515 1664 legationes

192 1687 476 1727 concurrerent,
499 1680 660 1730 gratiam
681 1687 799 1730 atque
828 1679 1039 1718 amicitiam
1067 1678 1225 1729 publice
1255 1678 1514 1729 privatimque

192 1752 377 1794 peterent.

132 1825 169 1855 25
245 1809 327 1849 Ubi
359 1809 545 1848 intellexit
577 1811 677 1848 ultro
696 1811 747 1848 ad
774 1823 815 1848 se
844 1809 974 1856 veniri,
997 1810 1116 1847 altera
1144 1822 1190 1847 ex
1209 1816 1316 1858 parte
1337 1809 1513 1847 Senones
1532 1806 1586 1851 56

190 1874 462 1923 Carnutesque
495 1874 736 1913 conscientia
767 1873 947 1912 facinoris
981 1872 1162 1923 instigari,
1198 1874 1317 1911 altera
1348 1872 1513 1911 Nervios

189 1938 499 1988 Aduatucosque
534 1938 680 1976 bellum
714 1937 905 1976 Romanis
942 1950 1085 1987 parare,
1119 1950 1248 1987 neque
1278 1936 1351 1975 sibi
1380 1938 1514 1975 volun-

189 2002 373 2041 tariorum
393 2003 526 2053 copias
553 2004 687 2042 defore
711 2003 742 2041 si
769 2016 815 2041 ex
842 2002 985 2041 finibus
1006 2002 1084 2041 suis
1106 2001 1285 2052 progredi
1307 2001 1509 2051 coepisset,

187 2075 379 2106 armatum
401 2068 610 2107 concilium
631 2067 778 2107 indicit.
821 2070 916 2107 Hoc
937 2081 1044 2106 more
1061 2068 1261 2106 Gallorum
1285 2074 1342 2105 est
1358 2066 1510 2105 initium
1533 2079 1548 2100 2

130 2147 170 2177 30
188 2131 290 2178 belli,
323 2145 403 2181 quo
432 2134 516 2182 lege
547 2132 748 2171 communi
779 2145 916 2171 omnes
943 2132 1109 2182 puberes
1138 2131 1275 2169 armati
1303 2131 1511 2169 convenire

187 2204 450 2235 consuerunt:
483 2197 550 2247 qui
579 2211 624 2236 ex
654 2197 708 2236 eis
738 2196 971 2236 novissimus
1001 2196 1195 2242 convenit,
1227 2196 1266 2234 in
1296 2203 1509 2246 conspectu

187 2261 448 2300 multitudinis
475 2261 658 2300 omnibus
689 2261 923 2300 cruciatibus
953 2262 1130 2300 adfectus
1154 2267 1323 2299 necatur.
1385 2262 1432 2298 In
1462 2273 1510 2299 eo
1528 2275 1546 2304 3

187 2325 356 2364 concilio
376 2325 676 2376 Cingetorigem,
699 2325 854 2364 alterius
875 2325 1091 2375 principem
1111 2324 1301 2371 factionis,
1323 2338 1509 2374 generum

614 2437 656 2466 30
673 2430 749 2467 post
765 2426 911 2467 puberes
928 2425 1003 2457 add.
1023 2431 1056 2457 et
1071 2436 1091 2456 α
