1768 2739
691 148 733 185 C.
770 147 886 184 IVLI
918 146 1186 185 CAESARIS

274 259 324 297 ad
355 259 509 296 hostem
539 256 735 308 proficisci
769 256 1044 303 constituisset,
1075 256 1155 295 sive
1186 269 1277 296 eum
1312 270 1359 296 ex
1391 257 1601 307 paludibus

274 322 458 372 silvisque
493 322 633 361 elicere
667 322 748 361 sive
778 321 988 361 obsidione
1021 335 1197 372 premere
1230 329 1372 372 posset,
1405 323 1521 372 legati
1551 323 1602 361 ad

273 400 365 425 eum
393 385 588 437 principes
609 387 843 426 Aeduorum
866 386 1028 425 veniunt
1049 394 1202 424 oratum
1222 394 1265 425 ut
1285 386 1453 425 maxime
1474 400 1605 425 neces-

236 462 253 492 3
273 451 375 490 sario
405 459 581 501 tempore
610 451 757 490 civitati
787 451 1016 490 subveniat:
1056 465 1211 490 summo
1242 465 1327 490 esse
1360 451 1400 489 in
1429 452 1604 501 periculo

273 530 365 563 rem,
390 517 508 566 quod,
537 529 627 554 cum
663 516 804 565 singuli
831 517 1077 566 magistratus
1103 516 1318 566 antiquitus
1346 516 1465 555 creari
1485 524 1604 567 atque
1625 527 1642 558 5

272 580 417 630 regiam
445 587 681 630 potestatem
707 594 856 618 annum
886 580 1064 619 obtinere
1093 588 1359 628 consuessent,
1383 582 1463 619 duo
1488 581 1605 631 magi-

273 652 436 683 stratum
466 652 601 694 gerant
628 652 667 683 et
695 658 737 683 se
766 652 931 695 uterque
960 658 1096 684 eorum
1125 645 1276 695 legibus
1315 653 1489 684 creatum
1519 659 1604 685 esse

233 722 252 751 4
273 709 388 748 dicat.
450 711 607 747 Horum
637 722 722 748 esse
750 711 915 748 alterum
944 710 1307 757 Convictolitavem,
1331 711 1536 749 florentem
1567 718 1605 749 et

269 773 476 816 >inlustrem
491 774 787 812 adulescentem
796 788 806 821 ,·
829 775 994 812 alterum
1009 775 1166 822 Cotum,
1174 774 1446 824 antiquissima
1459 775 1604 814 familia

273 845 409 876 natum
429 846 547 888 atque
568 838 697 888 ipsum
718 839 922 877 hominem
948 853 1126 878 summae
1152 839 1351 889 potentiae
1376 848 1415 878 et
1439 853 1603 890 magnae
1627 854 1665 877 10

273 903 528 952 cognationis,
558 903 668 941 cuius
698 905 814 942 frater
833 904 1057 942 Valetiacus
1086 905 1264 954 proximo
1297 917 1403 943 anno
1433 906 1604 944 eundem

235 978 251 1008 5
274 967 540 1017 magistratum
578 968 747 1018 gesserit.
818 968 1026 1007 Civitatem
1066 982 1150 1006 esse
1189 982 1348 1007 omnem
1387 968 1427 1006 in
1465 969 1605 1017 armis3

273 1031 443 1070 divisum
473 1040 663 1079 senatum,
693 1033 863 1071 divisum
893 1035 1095 1082 populum,
1126 1046 1215 1072 suas
1246 1033 1438 1084 cuiusque
1469 1047 1603 1072 eorum

234 1095 482 1135 6clientelaS.
556 1097 677 1145 Quod
716 1096 747 1135 si
782 1096 927 1136 diutius
965 1098 1089 1136 alatur
1123 1097 1395 1145 controversia,
1433 1099 1514 1136 fore
1548 1098 1604 1136 uti

272 1173 360 1209 pars
387 1173 477 1199 cum
505 1168 614 1210 parte
641 1160 807 1199 civitatis
834 1161 1027 1211 confligat.
1094 1161 1143 1199 Id
1169 1175 1220 1200 ne
1244 1161 1408 1209 accidat,
1432 1161 1605 1212 positum
1627 1175 1663 1207 15

273 1224 313 1263 in
334 1225 415 1263 eius
436 1225 637 1274 diligentia
657 1232 776 1275 atque
795 1226 1035 1264 auctoritate.

202 1295 252 1332 33
328 1290 481 1337 Caesar,
505 1289 576 1327 etsi
596 1303 618 1328 a
638 1290 744 1328 bello
770 1297 889 1340 atque
916 1290 1029 1328 hoste
1052 1290 1256 1329 discedere
1278 1291 1604 1330 detrimentosum

274 1367 358 1392 esse
392 1354 647 1401 existimabat,
682 1362 815 1392 tamen
854 1368 935 1392 non
974 1354 1156 1404 ignorans
1194 1363 1342 1405 quanta
1379 1370 1427 1394 ex
1459 1356 1605 1394 dissen-

273 1417 448 1456 sionibus
469 1417 723 1456 incommoda
750 1418 839 1456 oriri
865 1426 1132 1466 consuessent,
1155 1432 1206 1457 ne
1229 1427 1337 1457 tanta
1357 1427 1395 1458 et
1414 1427 1494 1458 tam
1515 1433 1605 1458 con-

273 1482 405 1521 iuncta
433 1484 581 1532 populo
609 1484 795 1521 Romano
825 1482 969 1531 civitas,
1002 1497 1121 1533 quam
1151 1483 1235 1533 ipse
1263 1497 1418 1534 semper
1445 1484 1604 1524 aluisset
1625 1499 1664 1522 20

273 1546 536 1596 omnibusque
556 1547 672 1585 rebus
693 1554 879 1594 ornasset,
902 1548 953 1586 ad
977 1547 1055 1585 vim
1078 1555 1197 1597 atque
1220 1561 1327 1586 arma
1347 1549 1604 1588 descenderet

272 1619 391 1662 atque
407 1625 451 1649 ea
467 1624 554 1660 pars
568 1624 670 1661 quae
690 1611 820 1650 minus
842 1612 916 1650 sibi
932 1613 1148 1650 confideret
1161 1612 1304 1651 auxilia
1317 1626 1341 1651 a
1353 1613 1604 1663 Vercingeto-

236 1694 251 1715 2
273 1676 351 1726 rige
377 1684 597 1723 arcesseret,
617 1675 710 1714 huic
741 1676 795 1714 rei
819 1677 1145 1726 praevertendum
1170 1676 1402 1715 existimavit
1427 1685 1474 1725 et,
1494 1680 1602 1728 quod

272 1741 423 1791 legibus
440 1741 672 1779 Aeduorum
697 1740 752 1779 eis
777 1741 844 1790 qui
872 1754 1071 1779 summum
1092 1742 1359 1791 magistratum
1380 1742 1602 1781 obtinerent

273 1807 459 1844 excedere
493 1819 539 1843 ex
574 1805 717 1844 finibus
752 1819 832 1843 non
867 1805 1008 1853 liceret,
1043 1819 1094 1844 ne
1127 1807 1223 1856 quid
1256 1808 1307 1845 de
1340 1807 1421 1845 iure
1454 1815 1521 1845 aut
1551 1808 1601 1846 de
1622 1823 1660 1855 25

272 1870 421 1920 legibus
443 1883 577 1908 eorum
594 1869 835 1908 deminuisse
851 1869 1055 1916 videretur,
1072 1870 1155 1919 ipse
1176 1870 1215 1908 in
1232 1871 1393 1909 Aeduos
1409 1871 1601 1920 proficisci

272 1934 404 1973 statuit
425 1942 685 1984 senatumque
709 1947 869 1973 omnem
900 1942 939 1973 et
963 1948 1061 1985 quos
1089 1935 1187 1973 inter
1214 1935 1475 1974 controversia
1502 1944 1603 1975 esset

236 2000 322 2041 gad
356 2011 396 2037 se
430 1999 635 2037 Decetiam
671 1999 857 2037 evocavit.
923 2000 1026 2038 Cum
1060 2013 1183 2049 prope
1221 1999 1349 2038 omnis
1387 1999 1520 2038 civitas
1554 2014 1602 2038 eo

272 2062 528 2110 convenisset,
553 2065 839 2115 docereturque
866 2065 1000 2114 paucis
1031 2067 1130 2104 clam
1159 2066 1383 2104 convocatis
1403 2065 1480 2104 alio
1500 2066 1598 2112 loco,

272 2127 348 2165 alio
373 2135 549 2178 tempore
580 2138 699 2181 atque
731 2132 945 2180 oportuerit
972 2133 1126 2170 fratrem
1147 2145 1170 2170 a
1190 2133 1303 2170 fratre
1323 2131 1597 2177 renuntiatum,
1622 2144 1662 2174 30

273 2205 362 2230 cum
398 2195 500 2244 leges
536 2196 617 2233 duo
656 2210 703 2235 ex
741 2210 819 2234 una
858 2196 1003 2236 familia
1036 2196 1124 2236 vivo
1163 2204 1329 2247 utroque
1360 2209 1440 2234 non
1474 2196 1600 2233 solum

274 2258 517 2307 magistratus
545 2261 664 2299 creari
693 2268 868 2300 vetarent
894 2262 964 2299 sed
991 2261 1108 2299 etiam
1136 2261 1175 2299 in
1206 2268 1344 2300 senatu
1368 2273 1452 2299 esse
1474 2258 1602 2308 prohi-

274 2321 418 2369 berent,
439 2325 584 2363 Cotum
606 2325 813 2374 imperium
833 2327 1032 2375 deponere
1056 2325 1207 2375 coegit3
1237 2324 1597 2370 Convictolitavem,

427 2436 463 2456 21
492 2428 681 2459 discederet
697 2441 717 2458 α
850 2440 890 2459 22
915 2429 966 2459 cui
985 2428 1069 2459 Reid
1140 2429 1203 2459 sibi
1220 2440 1286 2459 om.
1304 2441 1333 2466 a,
1352 2427 1437 2458 Reid
