1706 2729
615 128 658 165 C.
694 127 808 164 IVLI
842 128 1110 165 CAESARIs

201 247 340 290 sponte
375 240 607 289 persuadere
643 252 722 277 non
762 246 933 289 possent,
971 240 1117 289 legatos
1151 240 1201 277 ad
1240 237 1523 289 Dumnorigem

202 305 385 343 Aeduum
408 303 577 350 mittunt,
600 311 642 342 ut
663 318 711 342 eo
732 305 983 353 deprecatore
1004 317 1027 342 a
1048 303 1239 353 Sequanis
1262 303 1521 353 impetrarent.

162 381 179 411 3
203 369 422 409 Dumnorix
461 370 580 420 gratia
614 378 652 409 et
690 370 891 420 largitione
930 372 1036 421 apud
1071 374 1275 420 Sequanos
1314 370 1524 420 plurimum

201 442 364 484 poterat,
388 442 425 473 et
448 435 640 474 Helvetiis
665 442 746 473 erat
771 434 932 482 amicus,
955 437 1064 485 quod
1092 449 1137 473 ex
1165 449 1210 473 ea
1234 434 1389 473 civitate
1409 435 1527 485 Orge-

199 498 331 549 torigis
361 499 480 537 filiam
511 499 549 537 in
580 499 872 538 matrimonium
902 501 1064 538 duxerat
1094 510 1142 547 et,
1174 499 1388 549 cupiditate
1419 498 1527 550 regni
1547 507 1564 537 5

198 565 407 611 adductus,
431 563 540 603 novis
568 565 683 603 rebus
712 564 894 603 studebat
925 573 962 602 et
989 578 1107 614 quam
1140 564 1325 615 plurimas
1352 564 1526 604 civitates

160 646 178 676 4
202 642 273 667 suo
303 627 497 667 beneficio
528 629 672 667 habere
703 628 908 667 obstrictas
938 630 1104 667 volebat.
1167 631 1306 679 Itaque
1336 643 1417 667 rem
1448 643 1528 667 sus-

201 691 295 742 cipit
315 700 353 730 et
373 706 396 730 a
417 692 608 743 Sequanis
638 692 819 743 impetrat
849 701 890 731 ut
917 706 984 742 per
1009 693 1096 731 finis
1125 707 1216 732 suos
1239 693 1444 732 Helvetios
1475 692 1529 731 ire

202 756 407 807 patiantur,
431 757 671 807 obsidesque
697 757 753 796 uti
781 757 880 796 inter
908 772 991 796 sese
1016 760 1111 797 dent
1138 758 1312 808 perficit:
1343 757 1526 808 Sequani,

203 835 251 860 ne
272 821 408 861 itinere
431 822 636 862 Helvetios
657 822 891 872 prohibeant
910 837 919 871 3
951 822 1136 870 Helvetii,
1156 831 1196 861 ut
1224 822 1307 862 sine
1336 822 1529 862 maleficio
1553 837 1590 859 10

200 894 237 924 et
258 885 396 925 iniuria
417 894 622 925 transeant.

134 965 179 992 10
255 950 411 990 Caesari
443 951 684 989 renuntiatur
718 952 910 991 Helvetiis
944 967 1027 991 esse
1060 952 1098 991 in
1130 952 1263 991 animo
1296 966 1362 1002 per
1392 965 1526 1002 agrum

199 1017 471 1066 Sequanorum
503 1024 539 1055 et
570 1018 799 1055 Aeduorum
840 1017 910 1056 iter
944 1017 983 1055 in
1015 1020 1234 1056 Santonum
1266 1017 1354 1055 finis
1389 1019 1525 1062 facere,

199 1080 266 1130 qui
287 1095 366 1119 non
390 1082 505 1131 longe
526 1095 547 1119 a
568 1082 814 1120 Tolosatium
838 1082 981 1121 finibus
1010 1083 1164 1129 absunt,
1188 1096 1289 1133 quae
1316 1082 1449 1121 civitas
1472 1090 1528 1120 est

164 1161 177 1181 ι
199 1145 238 1184 in
259 1145 468 1196 provincia.
531 1147 578 1184 Id
600 1146 630 1184 si
652 1148 770 1194 fieret,
794 1147 1045 1197 intellegebat
1071 1160 1214 1197 magno
1239 1160 1328 1185 cum
1355 1146 1528 1196 periculo
1553 1161 1587 1193 ¹5

201 1209 424 1259 provinciae
455 1212 628 1248 futurum
659 1219 701 1249 ut
733 1211 913 1249 homines
945 1211 1164 1257 bellicosos,
1193 1210 1327 1260 populi
1356 1210 1526 1249 Romani

200 1273 393 1321 inimicos,
417 1274 512 1313 locis
534 1275 758 1324 patentibus
784 1276 1031 1325 maximeque
1058 1275 1317 1313 frumentariis
1343 1274 1529 1313 finitimos

163 1348 180 1378 3
201 1338 371 1376 haberet.
433 1339 498 1376 Ob
519 1352 582 1376 eas
608 1352 744 1376 causas
776 1339 811 1377 ei
843 1339 1053 1378 munitioni
1083 1353 1200 1388 quarn
1226 1341 1369 1377 fecerat
1389 1341 1434 1377 T.
1460 1341 1530 1377 La-

202 1402 363 1441 bienum
385 1405 556 1453 legatum
578 1404 763 1453 praefecit
778 1419 789 1451 3
817 1404 900 1453 ipse
921 1404 960 1441 in
979 1404 1133 1442 Italiam
1156 1403 1305 1453 magnis
1327 1403 1529 1442 itineribus

202 1467 418 1514 contendit,
459 1469 638 1517 duasque
680 1468 735 1506 ibi
773 1468 947 1517 legiones
985 1468 1207 1515 conscribit,
1243 1476 1281 1506 et
1323 1468 1389 1507 tris
1428 1481 1529 1518 quae
1550 1480 1589 1501 20

202 1531 349 1570 circum
389 1531 613 1581 Aquileiam
651 1532 879 1571 hiemabant
914 1547 960 1571 ex
1000 1533 1173 1571 hibernis
1213 1532 1344 1571 educit
1373 1540 1422 1579 et,
1451 1546 1530 1582 qua

201 1596 422 1647 proximum
443 1596 514 1635 iter
533 1596 573 1635 in
595 1597 817 1636 ulteriorem
839 1598 1008 1636 Galliam
1029 1611 1097 1647 per
1116 1597 1227 1647 Alpis
1248 1606 1338 1645 erat,
1363 1611 1453 1636 cum
1475 1597 1530 1635 eis

149 1680 182 1709 14
202 1661 377 1712 quinque
404 1661 625 1711 legionibus
652 1662 707 1700 ire
733 1662 947 1701 contendit.
1012 1662 1073 1701 Ibi
1095 1664 1313 1702 Ceutrones
1338 1670 1375 1700 et
1397 1662 1531 1700 Graio-

202 1726 275 1765 celi
305 1734 343 1765 et
373 1725 588 1776 Caturiges,
611 1726 708 1765 locis
735 1726 1000 1776 superioribus
1027 1727 1239 1777 occupatis,
1266 1726 1402 1765 itinere
1428 1740 1531 1765 exer-

165 1809 181 1839 5
201 1791 323 1830 citum
347 1790 556 1841 prohibere
580 1798 782 1829 conantur.
843 1791 1124 1841 Compluribus
1152 1790 1207 1829 eis
1228 1790 1385 1840 proeliis
1406 1790 1529 1840 pulsis
1550 1802 1588 1833 25

201 1856 251 1894 ab
274 1856 408 1902 Ocelo,
432 1857 542 1905 quod
571 1863 630 1893 est
657 1855 844 1894 citerioris
870 1855 1094 1905 provinciae
1123 1863 1351 1902 extremum,
1374 1855 1414 1892 in
1441 1854 1529 1893 finis

202 1920 491 1959 Vocontiorum
530 1919 722 1958 ulterioris
760 1919 985 1969 provinciae
1023 1920 1087 1958 die
1126 1919 1294 1969 septimo
1328 1918 1503 1968 pervenit
1519 1932 1531 1966 3

203 1985 296 2023 inde
331 1984 370 2022 in
403 1985 662 2034 Allobrogum
698 1983 797 2031 finis,
830 1985 881 2023 ab
913 1984 1193 2034 Allobrogibus
1225 1983 1264 2022 in
1299 1983 1530 2033 Segusiavos

204 2049 417 2088 exercitum
446 2049 565 2088 ducit.
626 2048 683 2087 Hi
713 2057 803 2087 sunt
833 2057 938 2087 extra
967 2049 1208 2099 provinciam
1238 2056 1343 2087 trans
1371 2049 1531 2087 Rhoda-

206 2127 299 2151 num
330 2113 454 2163 primi.
1551 2125 1591 2155 30

151 2192 186 2217 11
260 2178 433 2216 Helvetii
471 2178 549 2216 iam
588 2191 656 2228 per
694 2177 891 2227 angustias
931 2186 967 2216 et
1007 2177 1094 2215 finis
1130 2179 1400 2227 Sequanorum
1440 2190 1528 2214 suas

206 2241 337 2292 copias
386 2243 644 2289 traduxerant,
687 2250 724 2280 et
783 2241 821 2279 in
862 2243 1090 2281 Aeduorum
1140 2241 1226 2279 finis
1275 2249 1529 2291 pervenerant

225 2388 228 2393 .
250 2356 263 2374 1
291 2345 490 2417 ροεᾷριη];
518 2349 674 2383 poterant
698 2344 734 2373 X
908 2338 1182 2382 28'5egusiavos
1213 2342 1406 2384 Nz'ppwdcy:
1431 2343 1527 2373 sebu—

204 2398 318 2419 sranos
335 2406 349 2417 ι
