1768 2739
659 164 701 201 C.
737 164 850 200 IVLI
884 164 1153 202 CAESARIS

238 271 306 322 qui
347 281 436 322 post
481 280 629 323 tergum
669 273 934 322 pugnantibus
976 272 1130 319 exstitit,
1168 274 1277 323 quod
1315 286 1430 312 suurn
1471 272 1568 324 peri-

200 345 216 376 5
238 338 370 375 culum
419 336 458 374 in
501 336 628 374 aliena
672 336 807 375 vident
850 339 972 375 salute
1015 345 1220 375 constare:
1283 337 1418 376 omnia
1461 337 1566 376 enim

236 403 468 451 plerumque
514 414 615 451 quae
662 401 805 439 absunt
853 401 1125 440 vehementius
1174 401 1382 440 hominum
1425 401 1567 441 mentis

236 467 475 516 perturbant.

164 527 216 575 85
290 532 434 571 Caesar
455 531 643 570 idoneum
665 533 796 570 locum
818 539 955 570 nactus
976 531 1072 581 quid
1093 545 1251 582 quaque
1271 545 1316 570 ex
1336 539 1447 582 parte
1465 543 1569 581 gera·
1587 544 1604 577 5

200 609 213 630 2
236 603 296 634 tur
316 596 520 646 cognoscit
536 611 546 644 3
576 596 843 634 laborantibus
857 596 1075 635 summittit.
1124 596 1313 646 Utrisque
1325 597 1376 635 ad
1391 596 1567 634 animum

235 660 402 699 occurrit
440 674 563 698 unum
603 674 688 698 esse
726 660 823 698 illud
860 668 1016 711 tempus
1054 674 1135 711 quo
1177 660 1346 699 maxime
1379 660 1567 699 contendi

131 751 137 755 »
198 724 467 774 3conveniat:
512 724 625 772 Galli,
673 724 747 762 nisi
784 725 1038 776 perfregerint
1075 724 1324 772 munitiones,
1369 726 1421 764 de
1458 725 1566 764 omni

235 790 358 827 salute
388 790 625 838 desperant,
656 789 839 837 Romani,
868 788 901 827 si
929 803 1012 828 rem
1038 789 1290 837 obtinuerint,
1312 790 1433 828 finem
1462 790 1567 828 labo-

195 870 216 900 4
236 867 320 891 rum
338 853 516 892 omnium
533 861 770 903 exspectant.
830 853 1005 892 Maxime
1024 855 1076 892 ad
1096 853 1313 904 superiores
1327 853 1566 892 munitiones
1588 868 1628 891 10

235 919 440 965 laboratur,
469 932 549 968 quo
581 918 988 957 Vercassivellaunum
1015 918 1178 957 missum
1198 918 1562 958 demonstravimus.

237 982 424 1033 Iniquum
465 982 541 1021 loci
585 983 636 1021 ad
674 982 937 1021 declivitatem
976 982 1173 1033 fastigium
1214 996 1401 1033 magnum
1446 983 1566 1022 habet

196 1063 213 1093 5
236 1054 492 1086 momentum.
553 1047 632 1085 Alii
653 1049 729 1085 tela
747 1047 931 1094 coiciunt,
948 1047 1013 1085 alii
1033 1046 1231 1086 testudine
1250 1048 1353 1085 facta
1372 1047 1542 1086 subeunt
1556 1061 1567 1096 ;

194 1116 214 1148 6
235 1112 454 1162 defatigatis
475 1113 515 1151 in
539 1112 666 1151 vicem
693 1112 831 1162 integri
858 1113 1086 1151 succedunt.
1146 1114 1276 1162 Agger
1302 1113 1352 1151 ab
1377 1112 1566 1152 universis

235 1177 273 1215 in
302 1177 563 1216 munitionem
591 1177 764 1216 coiectus
792 1185 830 1216 et
855 1191 1064 1216 ascensum
1091 1178 1159 1216 dat
1180 1176 1302 1216 Gallis
1331 1184 1370 1216 et
1393 1190 1439 1216 ea
1465 1190 1566 1227 quae
1588 1189 1625 1221 15

235 1241 274 1279 in
314 1250 412 1280 terra
451 1244 740 1281 occultaverant
779 1242 952 1281 Romani
989 1241 1186 1293 contegit,
1233 1254 1308 1281 nec
1344 1240 1422 1280 iam
1459 1255 1567 1280 arma

237 1307 378 1345 nostris
400 1321 473 1346 nec
493 1307 592 1346 vires
613 1315 835 1358 suppetunt.

163 1373 218 1412 86
294 1371 369 1409 His
390 1372 506 1410 rebus
532 1372 698 1422 cognitis
725 1374 869 1412 Caesar
893 1372 1113 1411 Labienum
1134 1385 1225 1411 cum
1252 1371 1480 1411 cohortibus
1500 1385 1566 1411 sex

200 1451 213 1471 2
237 1436 415 1475 subsidio
462 1437 730 1475 laborantibus
776 1438 914 1477 mittit:
962 1438 1136 1487 imperat,
1177 1437 1209 1475 si
1247 1437 1437 1476 sustinere
1485 1450 1565 1476 non

236 1500 368 1550 possit,
413 1501 594 1540 deductis
636 1501 874 1548 cohortibus,
925 1501 1129 1551 eruptione
1173 1509 1348 1551 pugnet,
1394 1501 1446 1548 id,
1491 1501 1564 1540 nisi
1586 1513 1626 1534 20

197 1574 215 1604 5
236 1565 466 1612 necessario,
498 1579 550 1604 ne
586 1565 711 1604 faciat.
791 1567 882 1616 Ipse
914 1565 996 1604 adit
1033 1565 1214 1615 reliquos,
1252 1566 1477 1603 cohortatur
1515 1579 1565 1604 ne

236 1629 359 1668 labori
406 1630 695 1677 succumbant,
750 1629 928 1669 omnium
974 1629 1217 1680 superiorum
1265 1629 1563 1668 dimicationum

195 1706 217 1737 4
236 1695 404 1732 fructum
432 1694 473 1732 in
493 1708 541 1733 eo
561 1694 626 1733 die
648 1702 767 1744 atque
794 1695 891 1732 hora
914 1695 1031 1733 docet
1057 1693 1280 1733 consistere.
1341 1693 1562 1741 Interiores,

235 1758 451 1808 desperatis
477 1759 761 1808 campestribus
788 1758 883 1797 locis
917 1766 1074 1809 propter
1105 1757 1416 1809 magnitudinem
1441 1758 1565 1796 muni-

236 1823 399 1870 tionum,
431 1825 517 1861 loca
546 1831 753 1873 praerupta
786 1836 833 1861 ex
855 1836 1020 1862 ascensu
1046 1830 1250 1874 temptant,
1283 1824 1362 1862 huc
1391 1836 1437 1861 ea
1463 1836 1563 1872 quae
1583 1835 1621 1867 25

197 1904 214 1934 5
236 1895 463 1937 paraverant
504 1889 720 1926 conferunt.
800 1887 1057 1926 Multitudine
1098 1889 1265 1926 telorum
1307 1901 1354 1925 ex
1395 1886 1563 1925 turribus

198 1963 216 1992 6
236 1951 517 2002 propugnantis
544 1952 765 1998 deturbant,
808 1965 946 2002 aggere
974 1959 1013 1990 et
1043 1951 1213 1991 cratibus
1239 1953 1363 1990 fossas
1394 1952 1561 2001 explent,

236 2015 399 2054 falcibus
419 2017 564 2054 vallum
584 2029 630 2054 ac
650 2015 810 2054 loricam
831 2016 1066 2055 rescindunt.

166 2077 215 2123 87
291 2079 414 2118 Mittit
429 2079 556 2130 primo
573 2082 738 2119 Brutum
751 2082 1045 2119 adulescentem
1059 2094 1150 2119 cum
1164 2080 1391 2120 cohortibus
1406 2082 1560 2127 Caesar,

236 2151 325 2194 post
359 2158 449 2183 cum
482 2144 566 2184 aliis
601 2146 644 2185 C.
680 2145 847 2184 Fabium
880 2146 1050 2195 legatum
1068 2160 1078 2193 3
1115 2153 1314 2196 postremo
1344 2144 1438 2196 ipse,
1471 2158 1562 2183 cum
1582 2158 1622 2187 30

200 2220 215 2240 2
236 2209 507 2248 vehementius
535 2218 780 2261 pugnaretur,
804 2210 973 2261 integros
1001 2209 1177 2250 subsidio
1196 2209 1367 2250 adducit.
1438 2209 1563 2248 Resti-

281 2322 299 2341 2
323 2313 446 2344 virtute
465 2315 487 2347 β
679 2323 698 2353 5
723 2324 855 2354 quaque
875 2316 920 2349 B:
943 2325 1008 2354 qua
1028 2326 1047 2344 α
1174 2325 1216 2345 ex
1231 2326 1273 2345 a:
1298 2314 1331 2344 in
1349 2315 1371 2348 β
1524 2324 1560 2343 12

240 2354 393 2393 Iniquum
406 2368 443 2387 a:
463 2356 629 2395 Exiguum
642 2359 665 2393 β
752 2369 794 2389 20
810 2363 938 2398 pugnet
949 2360 988 2393 B:
1007 2362 1202 2398 pugnat-eta
1288 2367 1328 2396 25
1345 2368 1386 2388 ex
1400 2356 1560 2396 ascensu]

239 2409 403 2430 cxscensu
422 2400 562 2441 ⁴'lIadvtg
