1768 2739
653 153 695 190 C.
732 152 846 189 IVLI
880 151 1148 189 CAESARIS

191 273 219 310 6
293 264 381 311 Qua
422 261 708 301 consuetudine
761 261 916 313 cognita
957 261 1111 307 Caesar,
1153 273 1202 298 ne
1249 259 1411 309 graviori
1460 259 1564 297 bello

238 335 467 373 occurreret,
502 326 688 365 maturius
724 339 841 376 quam
882 334 1087 364 consuerat
1127 326 1176 363 ad
1216 324 1427 363 exercitum
1454 325 1566 374 profi-

203 409 216 429 2
238 392 403 430 ciscitur.
478 393 536 429 Eo
571 404 659 429 cum
695 391 876 437 venisset,
909 404 954 429 ca
987 404 1086 440 quae
1122 391 1203 428 fore
1238 388 1457 439 suspicatus
1486 396 1567 427 erat

203 467 220 497 3
239 459 340 496 sacta
360 456 565 506 cognovit:
603 456 739 494 missas
768 456 981 506 legationes
1013 457 1063 494 ab
1091 469 1169 494 non
1204 454 1319 493 nullis
1346 454 1567 493 civitatibus

238 523 289 561 ad
320 524 538 561 Germanos
570 521 833 571 invitatosque
868 534 935 559 eos
965 520 1021 559 uti
1050 521 1100 558 ab
1132 522 1276 558 Rheno
1306 519 1566 566 discederent,

203 605 222 632 4
240 587 452 636 omniaque
484 599 584 635 quae
617 587 880 636 postulassent
909 585 959 623 ab
994 598 1036 623 se
1066 586 1148 623 fore
1179 592 1321 635 parata.
1383 586 1473 633 Qua
1499 597 1569 633 spe

238 651 400 690 adducti
423 650 609 689 Germani
636 650 750 688 latius
771 650 1011 701 vagabantur
1040 657 1078 688 et
1102 649 1142 687 in
1163 649 1251 687 finis
1273 650 1506 688 Eburonum
1531 655 1569 686 et

240 716 550 762 Condrusorum,
583 715 650 764 qui
681 722 771 753 sunt
802 716 1061 752 Treverorum
1095 713 1268 761 clientes,
1300 721 1566 763 pervenerant.

203 779 487 829 5Principibus
524 779 674 817 Galliae
712 778 895 826 evocatis,
928 780 1072 818 Caesar
1106 792 1152 817 ea
1189 791 1290 828 quae
1332 785 1568 827 cognoverat

239 844 523 883 dissimulanda
543 843 616 882 sibi
637 843 881 890 existimavit,
904 856 1119 893 eorumque
1143 842 1284 881 animis
1303 842 1510 892 permulsis
1530 850 1568 880 et

240 909 480 948 confirmatis
519 909 775 959 equitatuque
814 909 1005 959 imperato
1045 909 1193 948 bellum
1234 921 1326 948 cum
1361 908 1568 947 Germanis

240 988 371 1024 gerere
392 974 603 1013 constituit.

198 1053 221 1091 7
296 1042 357 1078 Re
387 1040 638 1078 frumentaria
668 1047 894 1090 comparata
921 1039 1200 1090 equitibusque
1230 1038 1404 1086 delectis,
1433 1039 1504 1076 iter
1530 1038 1569 1076 in

241 1118 288 1143 ea
307 1106 394 1143 loca
423 1106 550 1143 facere
577 1104 717 1155 coepit,
740 1104 884 1155 quibus
904 1104 943 1142 in
971 1104 1067 1143 locis
1094 1118 1179 1143 esse
1200 1106 1420 1143 Germanos
1440 1103 1570 1141 audie-

206 1181 220 1201 2
242 1170 318 1207 bat.
378 1172 414 1207 A
443 1169 586 1219 quibus
618 1183 709 1208 cum
740 1183 956 1220 paucorum
986 1169 1138 1208 dierum
1166 1169 1236 1208 iter
1266 1166 1432 1216 abesset,
1455 1167 1570 1218 legati

206 1248 223 1277 3
242 1235 292 1272 ab
313 1234 372 1272 his
393 1242 594 1281 venerunt,
618 1248 785 1284 quorum
813 1236 910 1273 haec
932 1234 1002 1272 fuit
1023 1234 1170 1273 oratio:
1202 1235 1421 1272 Germanos
1442 1246 1570 1282 neque

243 1298 389 1348 priores
442 1301 590 1348 populo
637 1301 821 1337 Romano
879 1300 1025 1337 bellum
1076 1299 1215 1337 inferre
1265 1311 1393 1347 neque
1438 1305 1570 1335 tamen

243 1376 431 1410 recusare,
481 1363 511 1401 si
560 1365 808 1410 lacessantur,
856 1363 950 1412 quin
998 1363 1114 1401 armis
1159 1363 1413 1409 contendant,
1463 1363 1571 1412 quod

245 1430 532 1466 Germanorum
560 1429 808 1466 consuetudo
836 1429 932 1466 haec
961 1428 1008 1466 sit
1032 1441 1054 1465 a
1082 1427 1294 1466 maioribus
1315 1426 1465 1473 tradita,
1489 1426 1570 1476 qui-

245 1506 414 1542 cumque
447 1493 592 1530 bellum
625 1493 801 1539 inferant,
825 1492 1000 1530 resistere
1031 1505 1159 1541 neque
1185 1491 1394 1541 deprecari.
1457 1493 1570 1528 Haec

206 1570 226 1598 4
245 1565 375 1594 tamen
393 1557 533 1603 dicere,
552 1556 703 1595 venisse
720 1556 872 1603 invitos,
891 1557 1035 1595 eiectos
1057 1558 1178 1595 domo
1193 1571 1203 1603 ,ς
1232 1556 1262 1594 si
1284 1569 1394 1595 suam
1409 1555 1571 1605 gratiam

250 1622 419 1659 Romani
440 1622 571 1668 velint,
594 1635 711 1671 posse
740 1622 795 1659 eis
826 1621 929 1659 utilis
960 1634 1044 1659 esse
1071 1621 1244 1665 amicos:
1284 1622 1345 1658 vel
1367 1620 1440 1658 sibi
1461 1633 1572 1670 agros

245 1686 457 1724 attribuant
479 1688 539 1724 vel
569 1686 764 1735 patiantur
795 1700 862 1725 eos
894 1695 1026 1724 tenere
1047 1700 1146 1736 quos
1167 1685 1283 1724 armis
1304 1684 1549 1735 possederint
1567 1700 1572 1722 :

209 1761 224 1789 5
247 1764 331 1789 sese
348 1751 434 1789 unis
452 1751 591 1789 Suebis
608 1752 838 1798 concedere,
862 1751 1005 1801 quibus
1027 1765 1075 1789 ne
1092 1751 1131 1789 di
1153 1751 1313 1800 quidem
1335 1750 1574 1788 immortales

248 1829 358 1865 pares
380 1830 464 1854 esse
484 1816 660 1865 possint3
690 1816 883 1866 reliquum
906 1816 1066 1865 quidem
1084 1816 1122 1853 in
1139 1815 1248 1854 terris
1269 1828 1353 1854 esse
1375 1814 1573 1853 neminem
1617 1829 1632 1860 5

248 1895 365 1930 quern
388 1894 468 1919 non
489 1894 670 1931 superare
689 1881 851 1930 possint.

205 1949 228 1985 8
303 1946 366 1984 Ad
387 1946 484 1983 haec
497 1958 598 1995 quae
619 1945 744 1983 visum
765 1953 823 1983 est
845 1946 989 1985 Caesar
1019 1944 1220 1994 respondit
1235 1959 1244 1991 ς
1274 1946 1343 1983 sed
1364 1944 1488 1982 exitus
1504 1943 1574 1982 fuit

249 2010 457 2048 orationis:
494 2009 566 2048 sibi
594 2011 742 2048 nullam
775 2023 865 2048 cum
897 2009 957 2047 his
986 2008 1198 2047 amicitiam
1226 2022 1310 2047 esse
1334 2021 1460 2058 posse,
1484 2007 1574 2046 siin

213 2091 227 2112 2
249 2075 375 2113 Gallia
400 2082 645 2112 remanerent
660 2089 670 2122 3
698 2087 828 2123 neque
855 2087 989 2112 verum
1017 2087 1112 2120 esse,
1144 2073 1211 2123 qui
1242 2086 1332 2112 suos
1360 2072 1448 2111 finis
1477 2071 1575 2110 tueri

249 2153 328 2178 non
370 2138 568 2188 potuerint
603 2138 752 2176 alienos
785 2151 1005 2187 occupare3
1067 2150 1197 2186 neque
1231 2138 1330 2175 ullos
1369 2137 1409 2174 in
1449 2136 1574 2175 Gallia

248 2217 384 2241 vacare
420 2216 532 2252 agros
572 2202 638 2252 qui
673 2202 756 2240 dari
789 2210 920 2240 tantae
953 2201 1179 2251 praesertim
1219 2200 1460 2239 multitudini
1492 2200 1575 2238 sine

213 2277 230 2305 3
250 2267 386 2305 iniuria
422 2267 595 2316 possint,
639 2268 708 2305 sed
742 2266 869 2312 licere,
903 2266 934 2304 si
965 2266 1095 2312 velint,
1132 2266 1170 2303 in
1204 2265 1401 2304 Ubiorum
1431 2264 1574 2302 finibus

250 2332 465 2377 considere,
501 2344 668 2380 quorum
703 2331 779 2368 sint
818 2331 933 2381 legati
970 2332 1076 2379 apud
1115 2344 1156 2368 se
1195 2338 1232 2368 et
1266 2331 1316 2368 de
1355 2329 1573 2367 Sueborum

273 2444 293 2472 9
317 2434 464 2464 evocatis
481 2435 503 2468 β
519 2444 524 2463 z
550 2434 677 2464 vocatis
692 2445 711 2462 ιι
859 2444 899 2472 ²4
925 2442 987 2463 nec
1006 2432 1131 2471 liquide
1152 2432 1199 2463 U:
1226 2441 1269 2461 ne
1285 2431 1330 2461 dii
1348 2431 1483 2470 quidem
1502 2430 1558 2461 nT

1588 530 1605 561 5

1592 858 1628 880 10

1590 1177 1628 1209 15

1592 1501 1631 1522 20

1596 2149 1635 2179 30
