1768 2739
428 151 502 189 DE
534 150 714 190 BELLO
744 151 989 189 GALLICO
1020 152 1122 189 LIB.
1155 150 1237 189 VII

171 262 309 302 morati
353 262 457 313 prius
499 275 590 307 suos
634 260 859 299 discessisse
903 269 1170 310 cognoverunt
1212 274 1330 311 quam
1370 261 1494 300 muni·

170 327 342 366 tionibus
379 325 746 377 appropinquarent.
807 326 867 362 Ita
898 338 937 363 re
968 324 1111 364 infecta
1141 324 1180 363 in
1214 324 1406 375 oppidum
1440 340 1494 364 re—

169 398 374 433 verterunt.

225 454 291 493 Bis
331 467 472 504 magno
517 467 607 492 cum
645 452 881 492 detrimento
919 452 1061 502 repulsi
1101 453 1203 492 Galli
1241 453 1337 503 quid
1378 462 1493 503 agant
1514 453 1565 500 83

131 526 149 557 5
170 520 403 565 consulunt,-
441 519 616 557 locorum
651 516 795 567 peritos
829 516 1044 563 adhibent,
1081 530 1127 554 ex
1161 517 1220 555 his
1250 517 1493 567 superiorum

169 590 382 621 castrorum
407 581 501 620 situs
528 581 846 631 munitionesque
873 588 1127 631 cognoscunt.
1188 583 1280 619 Erat
1299 595 1323 619 a
1343 589 1494 631 septen-
1516 596 1530 616 2

169 645 359 684 trionibus
411 645 531 693 collis,
581 659 699 696 quem
747 653 904 696 propter
951 645 1261 695 magnitudinem
1309 645 1492 684 circuitus

169 724 286 760 opere
310 710 575 760 circumplecti
602 725 682 749 non
712 718 920 760 potuerant
947 710 1093 749 nostri:
1128 710 1347 749 necessario
1367 724 1493 760 paene

169 773 305 824 iniquo
351 776 439 813 loco
487 782 525 813 et
573 774 710 813 leniter
758 774 898 813 declivi
946 782 1070 813 castra
1124 776 1304 813 fecerant.
1379 777 1493 813 Haec
1515 786 1532 815 3

114 848 151 870 10
169 840 214 879 C.
267 839 458 878 Antistius
510 839 685 888 Reginus
742 847 779 877 et
836 840 879 878 C.
940 838 1129 878 Caninius
1179 839 1343 878 Rebilus
1378 839 1492 890 legati

170 916 260 941 cum
304 904 457 942 duabus
517 903 736 952 legionibus
799 903 1041 941 obtinebant.
1102 903 1280 953 Cognitis
1326 917 1394 953 per
1433 918 1493 942 ex·
1513 914 1532 943 4

170 969 382 1018 ploratores
420 967 653 1018 regionibus,
687 969 808 1007 duces
843 967 1015 1006 hostium
1035 970 1091 1005 ff
1118 981 1164 1006 ex
1193 968 1301 1006 omni
1328 982 1492 1007 numero

170 1031 345 1082 deligunt
379 1045 511 1070 earum
543 1032 742 1070 civitatum
779 1045 879 1082 quae
923 1031 1132 1070 maximam
1161 1032 1310 1071 virtutis
1344 1032 1493 1082 opinio-

170 1111 261 1135 nem
282 1097 480 1135 habebant
495 1111 505 1145 3
534 1097 629 1147 quid
649 1111 808 1147 quoque
828 1104 944 1147 pacto
963 1097 1025 1146 agi
1045 1098 1196 1146 placeat
1211 1098 1365 1136 occulte
1394 1097 1493 1136 inter
1513 1112 1529 1143 5

112 1170 150 1202 15
170 1175 211 1200 se
245 1161 488 1201 constituunt
505 1176 515 1209 ,·
563 1162 736 1201 adeundi
771 1170 925 1211 tempus
957 1161 1150 1201 definiunt
1184 1175 1275 1200 cum
1310 1161 1492 1201 meridies

168 1240 253 1265 esse
286 1226 471 1266 videatur.
536 1226 612 1265 His
661 1226 784 1276 copiis
815 1227 1221 1266 Vercassivellaunum
1259 1229 1490 1275 Arvernum,
1512 1235 1531 1266 6

167 1305 290 1329 unum
329 1305 376 1329 ex
412 1298 596 1340 quattuor
633 1290 811 1337 ducibus,
852 1290 1117 1341 propinquum
1150 1291 1489 1342 Vercingetorigis,

167 1354 406 1404 praeficiunt.
468 1356 539 1393 Ille
578 1368 625 1393 ex
663 1354 796 1393 castris
834 1354 959 1405 prima
990 1354 1119 1405 vigilia
1156 1369 1332 1405 egressus
1370 1370 1492 1406 prope
1514 1368 1531 1402 7

167 1420 347 1458 confecto
369 1419 442 1457 sub
467 1420 596 1457 lucem
622 1418 759 1457 itinere
782 1426 872 1468 post
896 1426 1072 1457 montem
1097 1432 1138 1458 se
1166 1419 1376 1458 occultavit
1397 1420 1492 1459 mili-

110 1497 148 1520 20
167 1489 303 1532 tesque
337 1497 384 1522 ex
414 1491 608 1522 nocturno
637 1483 770 1522 labore
800 1496 885 1521 sese
914 1484 1071 1522 reficere
1101 1483 1220 1522 iussit.
1280 1485 1383 1523 Cum
1415 1484 1491 1523 iam
1512 1494 1529 1524 8

167 1546 347 1585 meridies
377 1547 690 1597 appropinquare
710 1547 915 1594 videretur,
944 1549 995 1586 ad
1024 1561 1070 1586 ea
1096 1556 1220 1586 castra
1247 1562 1348 1598 quae
1377 1562 1493 1599 supra

166 1611 519 1650 demonstravimus
558 1612 762 1651 contendit
780 1626 789 1659 3
832 1613 1052 1662 eodemque
1086 1620 1262 1662 tempore
1297 1613 1491 1663 equitatus

165 1676 216 1713 ad
246 1675 471 1725 campestris
502 1675 741 1715 munitiones
770 1677 957 1715 accedere
987 1684 1024 1714 et
1054 1676 1224 1726 reliquae
1255 1677 1391 1727 copiae
1421 1691 1490 1727 pro

166 1738 299 1776 castris
320 1753 404 1778 sese
424 1741 631 1779 ostendere
652 1748 874 1789 coeperunt.

110 1818 147 1849 25
220 1803 514 1853 Vercingetorix
535 1818 580 1843 ex
600 1818 687 1843 arce
708 1804 863 1843 Alesiae
885 1818 976 1844 suos
1002 1805 1252 1855 conspicatus
1274 1820 1319 1844 ex
1341 1806 1489 1856 oppido
1509 1805 1561 1852 84

167 1867 386 1916 egreditur3
434 1868 558 1915 cratis,
599 1869 809 1919 longurios,
851 1871 1062 1916 musculos,
1103 1872 1221 1909 falces
1261 1870 1489 1920 reliquaque

165 1945 266 1981 quae
304 1932 517 1982 eruptionis
556 1946 673 1971 causa
706 1942 905 1983 paraverat
943 1936 1097 1983 profert.
1171 1937 1371 1985 Pugnatur
1409 1949 1489 1974 uno
1509 1947 1526 1969 2

165 2002 341 2045 tempore
379 1996 564 2035 omnibus
598 1997 694 2035 locis
741 2005 860 2048 atque
898 1998 1031 2036 omnia
1074 2006 1339 2048 temptantur:
1388 2012 1489 2048 quae

166 2058 326 2098 minime
350 2059 432 2099 visa
457 2074 544 2111 pars
572 2062 683 2099 firma
709 2069 777 2108 est,
806 2063 883 2100 huc
904 2062 1154 2100 concurritur.
1216 2064 1488 2101 Romanorum
1510 2071 1527 2102 3

108 2138 148 2169 30
166 2137 304 2162 manus
338 2124 454 2162 tantis
485 2124 770 2164 munitionibus
809 2125 1016 2164 distinetur
1054 2140 1127 2164 nec
1159 2126 1271 2165 facile
1311 2126 1488 2176 pluribus

165 2187 260 2226 locis
287 2188 462 2227 occurrit.
523 2191 696 2228 Multum
721 2191 773 2229 ad
800 2192 1001 2229 terrendos
1028 2198 1182 2229 nostros
1203 2192 1304 2229 valet
1328 2192 1484 2239 clamor,
1507 2203 1527 2233 4

208 2303 228 2330 9
253 2292 376 2323 leniter
397 2292 442 2323 T:
478 2292 597 2323 leviter
613 2293 671 2323 αἱ]
831 2293 982 2324 fecerant
998 2296 1040 2328 B:
1082 2293 1271 2325 fecerunta
1450 2304 1487 2324 12

166 2334 352 2374 legionibus
369 2348 389 2365 α
482 2346 520 2374 13
545 2336 728 2367 civitatium
746 2335 787 2366 B‘
890 2347 926 2375 ¹4
952 2348 1018 2376 quo
1035 2347 1099 2376 que
1118 2337 1174 2366 M:
1200 2348 1337 2377 quoquo
1354 2337 1487 2367 AB‘T:

165 2387 231 2416 quo
263 2379 296 2409 U
437 2380 480 2409 26
504 2380 605 2410 cratis
635 2379 796 2410 Ursinus:
832 2382 948 2410 castris
972 2391 1011 2410 a:
1045 2392 1063 2411 a
1080 2381 1197 2412 castris
1214 2383 1237 2415 β
1328 2381 1488 2412 mulculos

166 2420 232 2457 13¹ss
250 2432 256 2452 :
282 2422 426 2454 murales
442 2422 567 2454 Meusel
697 2433 736 2462 27
762 2428 966 2462 paraverant
982 2435 1001 2454 α
