1706 2729
439 132 512 169 DE
544 130 724 168 BELLO
753 131 999 169 GALLICO
1029 131 1131 168 LIB.
1166 132 1183 168 Ι

150 249 283 292 gerant
297 256 307 289 3
336 254 425 280 cum
446 240 505 278 his
529 240 568 278 in
594 239 748 290 proeliis
768 241 1028 278 versabantur.
1088 242 1152 279 Ad
1173 255 1240 280 eos
1260 255 1301 280 se
1321 241 1471 291 equites
1490 247 1511 277 6

150 306 411 356 recipiebant:
450 304 500 351 hi,
529 304 560 342 si
587 304 681 354 quid
709 311 789 342 erat
817 303 961 351 durius,
995 306 1306 353 concurrebant3
1344 305 1374 343 si
1404 306 1470 355 qui

149 370 321 420 graviore
350 371 507 408 vulnere
536 376 698 419 accepto
737 382 840 419 equo
870 368 1079 416 deciderat,
1111 370 1471 417 circumsistebant,

148 434 178 473 si
208 448 287 485 quo
316 442 396 473 erat
424 433 575 483 longius
603 435 878 484 prodeundum
907 441 974 471 aut
1003 434 1164 472 celerius
1191 434 1468 484 recipiendum,
1494 439 1510 473 7

109 508 126 538 5
147 505 254 536 tanta
283 505 362 536 erat
391 499 530 536 horum
560 497 834 536 exercitatione
868 497 1043 536 celeritas
1078 505 1119 536 ut
1148 497 1249 537 iubis
1280 511 1468 548 equorum

146 561 335 601 sublevati
355 574 510 600 cursum
529 563 802 611 adaequarent.

200 626 281 665 Ubi
315 639 404 664 eum
436 626 569 664 castris
603 639 644 664 se
677 633 808 664 tenere
838 627 981 665 Caesar
1011 626 1209 673 intellexit,
1243 640 1292 665 ne
1323 626 1467 664 diutius
1487 632 1542 669 49

145 697 367 729 commeatu
389 689 669 740 prohiberetur,
692 692 789 728 ultra
815 703 905 728 eum
934 692 1076 737 locum,
1099 704 1178 740 quo
1202 690 1241 728 in
1268 692 1356 729 loco
1377 692 1469 729 Ger-

145 754 249 793 mani
280 755 549 801 consederant,
578 754 727 792 circiter
761 768 896 804 passus
928 763 1125 793 sescentos
1159 756 1209 793 ab
1239 754 1309 801 his,
1336 754 1468 793 castris

87 830 126 852 10
144 818 331 857 idoneum
363 820 494 857 locum
525 818 668 868 delegit
705 818 867 868 acieque
902 818 1040 868 triplici
1074 818 1260 856 instructa
1293 819 1343 856 ad
1378 832 1466 856 eum

143 884 274 922 locum
303 882 418 921 venit.
478 882 647 921 Primam
679 889 716 920 et
750 883 963 921 secundam
994 883 1119 920 aciem
1150 883 1190 920 in
1223 882 1338 920 armis
1370 896 1465 928 esse,
1490 891 1504 910 2

142 947 294 986 tertiam
324 955 447 985 castra
481 948 631 985 munire
662 947 780 985 iussit.
842 947 921 984 Hic
951 949 1059 985 locus
1093 948 1142 985 ab
1175 949 1286 985 hoste
1317 946 1467 985 circiter
1488 957 1505 987 3

143 1026 278 1062 passus
298 1020 507 1058 sescentos,
531 1011 585 1049 uti
612 1011 761 1050 dictum
789 1018 857 1057 est,
879 1012 1021 1049 aberat.
1083 1013 1143 1049 Eo
1169 1011 1319 1049 circiter
1345 1011 1466 1049 homi-

142 1090 237 1114 num
268 1090 431 1114 numero
465 1075 637 1114 sedecim
676 1075 781 1113 milia
815 1075 994 1125 expedita
1025 1089 1114 1113 cum
1149 1075 1256 1113 omni
1291 1075 1465 1125 equitatu

87 1152 122 1184 15
144 1140 358 1178 Ariovistus
386 1139 499 1186 misit,
521 1153 622 1190 quae
651 1140 787 1190 copiae
817 1148 969 1177 nostros
1000 1147 1254 1189 perterrerent
1281 1147 1318 1178 et
1343 1140 1465 1177 munin

142 1204 247 1243 tione
266 1204 527 1254 prohiberent.
571 1204 706 1243 Nihilo
726 1203 844 1242 setius
858 1205 1011 1251 Caesar,
1029 1212 1070 1242 ut
1090 1212 1179 1242 ante
1199 1203 1462 1250 constituerat,
1484 1215 1503 1245 4

140 1269 237 1306 duas
265 1268 367 1306 acies
396 1270 550 1306 hostem
579 1270 814 1318 propulsare,
838 1268 987 1306 tertiam
1013 1282 1111 1318 opus
1137 1270 1322 1318 perficere
1342 1268 1461 1306 iussit.

142 1331 305 1369 Munitis
336 1331 479 1378 castris,
511 1333 608 1370 duas
642 1331 695 1369 ibi
727 1331 898 1380 legiones
930 1332 1083 1381 reliquit
1117 1340 1154 1370 et
1185 1340 1333 1382 partem
1362 1332 1464 1370 auxi·
1484 1342 1501 1372 5

139 1394 278 1434 liorum
293 1410 302 1443 3
332 1403 515 1445 quattuor
534 1395 700 1445 reliquas
720 1395 759 1433 in
779 1403 902 1434 castra
922 1396 1068 1433 maiora
1088 1396 1247 1434 reduxit.

81 1473 122 1496 20
194 1459 375 1497 Proximo
395 1459 459 1497 die
479 1459 655 1498 instituto
676 1472 747 1498 suo
769 1461 912 1498 Caesar
937 1473 959 1497 e
985 1459 1117 1497 castris
1138 1460 1310 1509 utrisque
1330 1460 1462 1510 copias
1481 1463 1536 1501 50

137 1537 226 1562 suas
246 1523 378 1562 eduxit
401 1526 640 1573 paulumque
665 1538 687 1562 a
711 1523 922 1562 maioribus
942 1524 1074 1562 castris
1095 1537 1317 1574 progressus
1337 1524 1461 1563 aciem

137 1587 338 1634 instruxit3
366 1587 544 1625 hostibus
564 1587 765 1637 pugnandi
785 1594 1018 1638 potestatem
1046 1587 1145 1626 fecit.
1206 1588 1288 1627 Ubi
1308 1602 1358 1626 ne
1378 1596 1459 1626 tum
1485 1601 1498 1621 2

138 1651 299 1700 quidem
320 1663 386 1688 eos
406 1650 561 1700 prodire
581 1651 779 1697 intellexit,
797 1651 947 1689 circiter
968 1651 1169 1690 meridiem
1191 1651 1401 1690 exercitum
1422 1652 1461 1689 in

138 1722 261 1752 castra
298 1714 457 1753 reduxit.
517 1716 621 1753 Tum
660 1717 821 1754 demum
861 1715 1077 1753 Ariovistus
1115 1724 1265 1765 partem
1304 1729 1459 1754 suarum

80 1790 117 1821 25
137 1778 335 1828 copiarum
374 1792 475 1828 quae
508 1786 632 1817 castra
669 1779 819 1817 minora
856 1786 1099 1829 oppugnaret
1137 1779 1250 1817 misit.
1311 1779 1461 1818 Acriter
1482 1793 1499 1823 3

136 1841 330 1891 utrimque
359 1855 483 1892 usque
511 1843 562 1881 ad
590 1856 794 1892 vesperum
822 1850 1038 1892 pugnatum
1068 1849 1134 1880 est.
1194 1842 1294 1880 Solis
1318 1856 1459 1881 occasu

135 1919 223 1943 suas
250 1905 381 1955 copias
402 1906 628 1953 Ariovistus,
652 1906 782 1944 multis
812 1913 850 1944 et
878 1906 1006 1944 inlatis
1036 1913 1073 1944 et
1101 1906 1272 1956 acceptis
1296 1907 1458 1945 vulneri-

134 1970 219 2015 bus,
248 1969 288 2007 in
318 1977 442 2008 castra
470 1970 631 2009 reduxit.
690 1971 793 2010 Cum
823 1984 869 2008 ex
898 1970 1059 2020 captivis
1089 1977 1289 2020 quaereret
1314 1972 1457 2009 Caesar
1475 1988 1495 2019 4

134 2047 252 2083 quam
286 2033 339 2072 ob
370 2047 449 2072 rem
481 2033 697 2073 Ariovistus
728 2034 876 2084 proelio
910 2048 990 2073 non
1020 2036 1245 2080 decertaret,
1274 2035 1375 2072 hanc
1404 2049 1457 2073 re—

76 2109 116 2139 30
134 2097 307 2148 periebat
328 2111 496 2144 causam,
519 2099 626 2148 quod
649 2100 755 2148 apud
775 2100 993 2137 Germanos
1018 2112 1063 2136 ea
1086 2099 1332 2137 consuetudo
1356 2106 1456 2137 esset

134 2169 176 2200 ut
196 2170 336 2200 matres
357 2162 523 2200 familiae
543 2176 678 2201 eorum
699 2163 866 2202 sortibus
883 2170 921 2201 et
934 2163 1273 2201 vaticinationibus
1290 2163 1456 2202 declara-

133 2233 217 2264 rent
237 2233 366 2264 utrum
387 2226 577 2276 proelium
605 2226 797 2265 committi
828 2240 874 2266 ex
901 2241 972 2265 usu
995 2234 1095 2265 essct
1119 2240 1243 2265 necne
1258 2240 1267 2274 ;
1305 2240 1370 2265 eas
1404 2227 1455 2264 ita

132 2289 283 2328 dicere:
328 2304 407 2328 non
446 2304 530 2328 esse
564 2291 619 2328 fas
654 2292 871 2329 Germanos
903 2304 1093 2341 superare,
1128 2289 1158 2328 si
1191 2297 1281 2329 ante
1312 2304 1453 2329 novam
1474 2306 1490 2335 5,

131 2355 262 2392 lunam
282 2355 430 2407 proelio
452 2354 753 2394 contendissent,
