1768 2739
132 534 149 565 5

115 860 151 883 10

114 1507 152 1529 20

441 157 512 193 DE
546 155 724 193 BELLO
756 155 1000 191 GALLICO
1034 155 1133 191 LIB.
1169 155 1233 191 III

226 268 378 306 Eodem
399 267 476 304 fere
497 273 671 314 tempore
693 264 846 309 Caesar,
871 263 938 301 etsi
962 276 1082 312 prope
1109 270 1243 301 exacta
1270 263 1345 300 iam
1367 271 1491 301 aestas
1511 263 1561 301 28

170 339 260 379 erat,
290 340 429 377 tamen,
464 330 570 379 quod
602 327 708 366 omni
738 328 861 366 Gallia
893 336 1027 376 pacata
1062 328 1208 365 Morini
1238 327 1493 376 Menapiique

170 410 285 446 super
315 402 421 434 erant
456 394 521 444 qui
557 394 594 431 in
626 393 740 431 armis
773 400 900 431 essent
936 405 1064 441 neque
1095 393 1145 429 ad
1179 405 1267 430 eum
1305 404 1490 441 umquam

170 463 314 511 legatos
336 462 386 499 de
405 472 500 510 pace
522 458 726 504 misissent,
748 457 952 496 arbitratus
978 456 1017 494 id
1044 457 1190 495 bellum
1211 456 1385 494 celeriter
1405 469 1494 493 con-

170 526 233 564 fici
261 538 375 575 posse
405 537 452 562 eo
481 522 691 561 exercitum
721 522 910 569 adduxit;
949 521 1012 571 qui
1042 523 1158 571 longe
1181 521 1256 559 alia
1280 520 1428 558 ratione
1449 533 1494 557 ac

170 589 305 639 reliqui
336 588 437 627 Galli
467 588 613 626 bellum
652 601 783 637 gerere
822 594 1044 637 coeperunt.
1105 588 1209 624 Nam
1244 587 1353 636 quod
1387 585 1495 622 intel⁴
1518 598 1531 618 2

169 655 349 705 legebant
396 653 583 691 maximas
634 652 811 691 nationes
850 665 950 702 quae
1007 650 1155 701 proelio
1199 649 1495 689 contendissent

170 720 299 770 pulsas
329 725 606 769 superatasque
635 730 730 763 esse,
762 715 1077 765 continentisque
1106 715 1220 753 silvas
1252 728 1299 752 ac
1332 714 1495 764 paludes

170 784 380 829 habebant,
413 795 460 820 eo
494 795 535 820 se
569 795 716 832 suaque
750 781 882 819 omnia
916 781 1175 819 contulerunt.
1236 780 1300 817 Ad
1331 790 1495 828 quarum
1517 789 1535 819 3

170 847 323 886 initium
352 846 532 885 silvarum
557 860 647 884 cum
669 847 812 885 Caesar
841 844 1079 895 pervenisset
1109 850 1313 892 castraque
1344 841 1496 879 munire

170 911 398 950 instituisset
435 924 564 961 neque
601 910 723 948 hostis
762 909 915 948 interim
946 908 1049 946 visus
1088 915 1200 954 esset,
1233 906 1416 957 dispersis
1456 906 1494 943 in

170 990 287 1027 opere
307 975 446 1014 nostris
474 975 604 1014 subito
629 989 674 1013 ex
701 974 884 1013 omnibus
911 973 1084 1024 partibus
1105 972 1223 1010 silvae
1242 972 1493 1010 evolaverunt

171 1049 209 1079 et
246 1041 285 1078 in
323 1047 475 1078 nostros
517 1039 707 1089 impetum
752 1040 936 1077 fecerunt.
1005 1036 1139 1076 Nostri
1175 1036 1350 1075 celeriter
1386 1048 1493 1074 arma
1514 1047 1535 1079 4

171 1112 357 1155 ceperunt
396 1117 542 1155 eosque
575 1103 615 1141 in
649 1103 761 1141 silvas
790 1104 1041 1153 reppulerunt
1075 1109 1113 1140 et
1143 1100 1411 1151 compluribus
1440 1099 1495 1137 in-

172 1169 338 1208 terfectis
370 1169 521 1219 longius
550 1167 861 1219 impeditioribus
890 1166 985 1206 locis
1014 1165 1136 1206 secuti
1164 1178 1311 1217 paucos
1341 1179 1387 1204 ex
1418 1164 1496 1203 suis

171 1234 486 1284 deperdiderunt.

226 1299 402 1348 Reliquis
431 1298 617 1348 deinceps
646 1298 786 1336 diebus
820 1299 964 1336 Caesar
997 1296 1110 1335 silvas
1140 1297 1303 1334 caedere
1332 1293 1497 1333 instituit
1515 1300 1570 1339 29

170 1371 219 1410 et,
242 1377 291 1401 ne
316 1362 401 1413 quis
431 1362 644 1401 inermibus
669 1362 1062 1412 imprudentibusque
1089 1360 1276 1398 militibus
1303 1359 1353 1397 ab
1380 1361 1497 1397 latere

170 1428 338 1478 impetus
362 1427 442 1466 fieri
469 1435 611 1477 posset,
640 1440 798 1465 omnem
824 1440 910 1465 eam
936 1425 1137 1464 materiam
1161 1438 1261 1475 quae
1285 1432 1365 1463 erat
1386 1436 1498 1462 caesa

170 1505 396 1531 conversam
423 1493 473 1530 ad
500 1493 652 1530 hostem
680 1492 898 1529 collocabat
927 1498 965 1528 et
991 1503 1061 1540 pro
1087 1491 1188 1527 vallo
1214 1490 1265 1527 ad
1289 1496 1497 1537 utrumque

171 1559 269 1595 latus
290 1557 520 1595 exstruebat.
582 1555 806 1595 Incredibili
834 1555 1029 1593 celeritate
1053 1567 1197 1604 magno
1218 1553 1343 1604 spatio
1364 1552 1497 1603 paucis
1519 1566 1532 1587 2

172 1622 310 1660 diebus
331 1623 522 1667 confecto,
540 1634 630 1659 cum
651 1620 727 1658 iam
749 1633 867 1670 pecus
888 1628 1005 1669 atque
1025 1627 1195 1657 extrema
1215 1617 1497 1667 impedimenta

172 1688 221 1724 ab
242 1685 381 1724 nostris
402 1693 634 1731 tenerentur,
653 1685 724 1735 ipsi
746 1684 944 1722 densiores
965 1684 1078 1721 silvas
1099 1690 1284 1733 peterent,
1304 1681 1495 1721 eiusmodi

173 1759 263 1789 sunt
292 1758 542 1800 tempestates
571 1757 805 1788 consecutae
843 1749 897 1786 uti
932 1762 1030 1798 opus
1064 1746 1282 1786 necessario
1314 1746 1497 1784 intermit-

116 1831 154 1861 25
174 1823 316 1853 teretur
367 1822 404 1853 et
453 1814 747 1852 continuatione
790 1813 973 1851 imbrium
1019 1811 1162 1850 diutius
1211 1812 1283 1849 sub
1330 1810 1496 1860 pellibus

176 1880 314 1918 milites
353 1879 542 1917 contineri
581 1892 660 1916 non
698 1886 867 1928 possent.
942 1879 1081 1927 Itaque
1119 1876 1275 1914 vastatis
1314 1874 1496 1913 omnibus
1519 1889 1535 1919 3

175 1950 308 1983 eorum
340 1944 449 1993 agris,
481 1943 573 1981 vicis
603 1942 869 1992 aedificiisque
902 1942 1080 1988 incensis,
1114 1942 1258 1980 Caesar
1287 1939 1496 1978 exercitum

175 2008 325 2046 reduxit
349 2016 386 2046 et
411 2008 449 2045 in
477 2007 652 2046 Aulercis
674 2007 942 2056 Lexoviisque,
971 2005 1126 2056 reliquis
1153 2005 1246 2043 item
1278 2003 1496 2042 civitatibus

175 2086 275 2122 quae
296 2072 469 2121 proxime
488 2072 635 2110 bellum
657 2072 836 2117 fecerant,
859 2070 898 2108 in
920 2070 1090 2109 hibernis
1111 2068 1324 2107 collocavit.

592 2184 633 2212 29
658 2173 808 2212 proxime
833 2172 876 2202 T:
903 2173 1045 2202 maxime
1062 2183 1081 2201 α
