1768 2739
428 164 501 200 DE
533 162 712 200 BELLO
742 161 987 199 GALLICO
1018 161 1120 197 LIB.
1153 160 1258 196 VIII

181 273 336 323 cognita
369 272 600 319 calamitate,
636 271 839 310 interfecto
874 273 1034 317 Correo,
1070 271 1213 309 amisso
1252 270 1427 320 equitatu
1466 278 1503 308 et

180 337 396 376 fortissimis
417 337 625 388 peditibus,
648 350 738 374 cum
765 337 975 374 adventare
996 337 1200 374 Romanos
1228 334 1501 381 existimarent,

180 402 349 440 concilio
386 409 546 452 repente
584 408 700 439 cantu
746 401 927 438 tubarum
976 406 1193 438 convocato
1241 401 1501 446 conclamant,

181 466 295 517 legati
316 466 553 515 obsidesque
572 466 623 504 ad
644 466 852 504 Caesarem
875 463 1086 502 mittantur.

143 544 160 574 5
236 532 328 569 Hoc
349 530 532 568 omnibus
561 530 726 579 probato
756 528 920 567 consilio
948 528 1153 567 Commius
1173 528 1340 567 Atrebas
1366 529 1416 566 ad
1437 541 1504 566 eos
1524 539 1568 566 21

181 594 355 644 confugit
376 596 594 632 Germanos
614 607 637 632 a
657 593 799 643 quibus
819 594 870 631 ad
898 592 938 631 id
965 593 1112 630 bellum
1137 592 1279 630 auxilia
1305 599 1504 630 mutuatus

181 666 271 698 erat.
317 658 447 698 Ceteri
474 673 496 697 e
515 658 676 709 vestigio
704 658 863 696 mittunt
883 658 934 696 ad
955 658 1163 697 Caesarem
1185 659 1332 707 legatos
1353 663 1505 706 petunt·
1527 670 1541 691 2

181 737 258 774 que
278 730 321 762 ut
341 737 387 762 ea
406 737 535 773 poena
559 723 607 761 sit
635 730 843 761 contentus
871 721 1053 769 hostium,
1078 735 1196 771 quarn
1225 721 1255 759 si
1283 721 1367 760 sine
1394 721 1505 760 dimi-

183 788 337 827 catione
374 788 513 827 inferre
547 788 702 838 integris
742 795 883 837 posset,
922 801 992 837 pro
1031 800 1101 824 sua
1138 786 1348 824 clementia
1386 793 1504 836 atque

127 866 165 888 10
183 852 425 891 humanitate
456 865 673 902 numquam
708 853 884 901 profecto
918 858 1019 889 esset
1054 850 1253 888 inlaturus.
1314 850 1503 888 Adflictas
1526 862 1542 891 3

183 930 277 967 opes
298 916 467 967 equestri
493 916 641 967 proelio
664 917 961 954 Bellovacorum
990 928 1074 952 esse
1089 929 1098 962 3
1128 915 1371 952 delectorum
1398 913 1504 963 pedi-

183 989 267 1019 tum
305 983 427 1020 multa
465 981 571 1019 milia
609 980 796 1027 interisse,
837 979 899 1017 vix
937 979 1122 1029 refugisse
1160 978 1319 1016 nuntios
1358 978 1499 1017 caedis.

182 1048 338 1085 Tamen
375 1060 571 1097 magnum,
611 1052 654 1084 ut
692 1045 731 1083 in
770 1052 876 1083 tanta
915 1043 1143 1090 calamitate,
1187 1044 1417 1081 Bellovacos
1456 1057 1503 1081 eo
1525 1056 1544 1085 4

183 1111 332 1161 proelio
363 1112 619 1150 commodum
646 1123 731 1149 esse
757 1116 1001 1155 consenum,
1031 1109 1138 1158 quod
1166 1109 1345 1154 Correus,
1371 1115 1507 1146 auctor

126 1190 162 1221 15
183 1176 287 1223 belli,
310 1176 525 1215 concitator
554 1174 826 1221 multitudinis,
851 1181 951 1212 esset
981 1173 1216 1211 interfectus.
1277 1174 1506 1223 Numquam

183 1240 290 1279 enim
311 1248 490 1279 senatum
517 1247 668 1278 tantum
695 1238 735 1277 in
761 1238 916 1278 civitate
943 1237 1009 1277 illo
1029 1236 1117 1277 vivo
1137 1244 1328 1287 quantum
1356 1236 1507 1288 imperi-

183 1311 262 1343 tam
283 1305 439 1355 plebem
460 1304 644 1354 potuisse.

238 1371 352 1407 Haec
372 1368 571 1407 orantibus
592 1368 726 1419 legatis
747 1373 1031 1406 commemorat
1052 1368 1219 1406 Caesar:
1249 1366 1391 1404 eodem
1412 1372 1505 1404 tem-
1525 1375 1576 1402 22

181 1447 276 1484 pore
297 1433 493 1484 superiore
519 1446 624 1472 anno
646 1435 877 1471 Bellovacos
904 1439 1133 1482 ceterasque
1154 1430 1306 1469 Galliae
1332 1430 1506 1469 civitates

125 1514 164 1535 20
183 1498 399 1548 suscepisse
428 1499 599 1537 bellum:
640 1496 948 1548 pertinacissime
978 1497 1050 1535 hos
1078 1510 1124 1534 ex
1149 1494 1332 1534 omnibus
1360 1494 1399 1532 in
1425 1509 1508 1533 sen-

183 1562 303 1601 tentia
323 1562 581 1613 permansisse
601 1575 730 1612 neque
749 1563 800 1600 ad
821 1561 1027 1600 sanitatem
1048 1560 1285 1610 reliquorum
1306 1559 1507 1598 deditione

183 1641 268 1666 esse
298 1628 517 1677 perductos
577 1626 682 1665 Scire
708 1633 827 1676 atque
854 1625 1078 1675 intellegere
1102 1638 1143 1663 se
1170 1637 1328 1662 causam
1356 1624 1506 1674 peccati
1529 1640 1543 1660 2

183 1691 366 1730 facillime
393 1691 555 1730 mortuis
582 1691 761 1741 delegari.
822 1689 1034 1729 Neminem
1059 1702 1150 1728 vero
1180 1696 1332 1727 tantum
1361 1690 1507 1738 pollere

184 1763 227 1794 ut
270 1755 399 1794 invitis
444 1755 696 1805 principibus,
737 1754 941 1793 resistente
979 1761 1129 1800 senam,
1170 1752 1354 1791 omnibus
1393 1753 1507 1791 bonis

126 1836 163 1868 ²5
184 1819 489 1870 repugnantibus
528 1820 681 1858 infirma
720 1833 838 1858 manu
878 1818 1003 1870 plebis
1049 1819 1196 1857 bellum
1235 1817 1431 1856 concitare
1470 1825 1508 1856 et

183 1897 314 1933 gerere
334 1892 489 1934 posset3
519 1886 589 1923 sed
609 1892 741 1923 tamen
761 1898 803 1923 se
825 1890 1056 1923 contentum
1072 1884 1155 1922 fore
1175 1895 1220 1921 ea
1240 1895 1369 1933 poena
1388 1895 1506 1932 quarn

184 1947 257 1986 sibi
278 1947 350 1997 ipsi
370 1949 661 1988 contraxissent.

238 2013 367 2051 Nocte
388 2013 608 2064 insequenti
630 2014 744 2064 legati
765 2026 952 2064 responsa
971 2014 1021 2052 ad
1038 2026 1129 2051 suos
1150 2013 1331 2057 referunt,
1349 2010 1507 2049 obsides
1527 2022 1576 2059 23

185 2077 409 2116 conficiunt.
469 2080 718 2118 Concurrunt
747 2079 982 2129 reliquarum
1014 2076 1228 2117 civitatium
1263 2075 1377 2125 legati
1407 2089 1508 2125 quae

127 2159 166 2189 30
187 2143 484 2181 Bellovacorum
513 2144 816 2194 speculabantur
845 2151 1040 2182 eventum.
1101 2141 1272 2181 Obsides
1302 2141 1408 2186 dant,
1440 2139 1508 2177 im-
1529 2156 1544 2176 2

184 2213 318 2256 perata
350 2206 507 2254 faciunt,
541 2215 706 2258 excepto
738 2207 933 2254 Commio,
968 2220 1087 2257 quem
1122 2206 1238 2244 timor
1275 2204 1508 2255 prohibebat

185 2270 417 2321 cuiusquam
440 2271 530 2310 fidei
551 2286 661 2310 suam
683 2272 929 2311 committere
950 2273 1126 2310 salutern.
1187 2272 1291 2309 Nam
1312 2268 1509 2319 superiore
1530 2279 1547 2310 3

183 2349 290 2374 anno
310 2338 354 2375 T.
375 2336 583 2384 Labienus,
610 2338 778 2377 Caesare
811 2336 850 2374 in
885 2336 1012 2376 Gallia
1043 2334 1219 2374 citeriore
1252 2333 1311 2373 ius
1340 2333 1508 2380 dicente,

439 2449 480 2477 29
502 2438 684 2470 civitatium
700 2437 778 2468 ΑΒ
793 2449 799 2470 z
825 2438 995 2468 civitatum
1010 2435 1071 2471 Mss
1160 2436 1216 2475 qui
1232 2448 1252 2466 α
