1706 2729
601 141 643 177 (ἶ.
679 140 793 176 IVLI
827 139 1094 177 CAESARIS

187 254 258 291 sed
281 251 476 302 angustias
502 250 646 289 itineris
675 258 711 289 et
737 249 1045 300 magnitudinem
1074 250 1254 288 silvarum
1275 263 1375 301 quae
1399 251 1511 290 inter-

186 319 371 356 cederent
390 316 489 355 inter
509 316 613 366 ipsos
629 323 746 366 atque
760 314 1008 362 Ariovistum,
1027 322 1092 353 aut
1108 328 1189 353 rem
1206 315 1506 364 frumentariam,

150 390 166 424 7
187 388 228 419 ut
248 381 339 419 satis
360 381 571 419 commode
595 379 812 430 supportari
835 387 977 429 posset,
1002 379 1137 417 timere
1161 379 1356 418 dicebant.
1416 381 1508 418 Non

186 445 282 484 nulli
306 445 423 483 etiam
448 444 604 484 Caesari
634 444 866 490 nuntiarant,
891 457 981 481 curn
1009 451 1131 482 castra
1158 444 1304 482 moveri
1330 457 1375 482 ac
1403 443 1509 495 signa

186 510 274 549 ferri
294 509 477 557 iussisset,
501 522 581 548 non
603 510 684 547 fore
701 508 808 547 dicto
827 507 1022 547 audientis
1043 508 1183 547 milites
1204 522 1333 558 neque
1354 516 1512 559 propter
1531 518 1547 550 5

187 575 367 614 timorem
389 574 497 625 signa
516 576 670 612 laturos.

113 645 168 683 40
244 642 357 679 Haec
387 653 477 678 cum
506 638 852 686 animadvertisset,
876 646 1093 677 convocato
1120 638 1292 686 consilio,
1320 639 1512 678 omnium-

188 719 265 756 que
285 705 467 744 ordinum
487 706 538 743 ad
562 705 602 743 id
629 704 835 743 consilium
862 703 1047 743 adhibitis
1074 703 1377 751 centurionibus,
1400 705 1513 742 vehe-

187 778 338 809 menter
367 783 433 808 eos
463 769 675 808 incusavit:
720 768 899 818 primurn,
923 770 1031 818 quod
1060 776 1126 806 aut
1153 781 1270 818 quam
1298 768 1337 805 in
1363 776 1511 818 partem

186 843 252 873 aut
268 848 347 885 quo
363 833 527 873 consilio
548 834 783 872 ducerentur
803 832 876 871 sibi
893 834 1161 882 quaerendum
1177 839 1243 870 aut
1260 831 1512 882 cogitandum
1535 848 1573 870 10

151 918 165 938 2
186 906 376 950 putarent.
436 897 686 944 Ariovistum,
719 910 760 935 se
789 898 960 943 consule,
988 896 1240 947 cupidissime
1270 896 1405 946 populi
1435 898 1513 934 Ro-

187 963 291 1001 mani
316 962 527 1001 amicitiam
555 961 749 1012 appetisse
769 977 775 999 :
806 975 873 999 cur
897 963 1002 999 hunc
1032 969 1110 999 tam
1136 968 1281 999 temere
1305 961 1511 1010 quisquam

151 1036 167 1066 3
186 1029 235 1067 ab
263 1027 392 1066 officio
419 1027 681 1066 discessurum
712 1026 932 1065 iudicaret?
989 1026 1069 1064 Sibi
1100 1026 1261 1075 quidem
1290 1026 1512 1075 persuaderi

186 1092 351 1143 cognitis
365 1092 443 1130 suis
457 1091 661 1142 postulatis
674 1098 791 1140 atque
805 1091 1000 1141 aequitate
1015 1090 1295 1129 condicionum
1312 1098 1513 1140 perspecta

187 1172 276 1196 eum
298 1171 427 1208 neque
455 1170 564 1195 suam
592 1170 722 1206 neque
748 1156 883 1206 populi
906 1156 1076 1195 Romani
1103 1155 1263 1206 gratiam
1295 1155 1513 1206 repudiatu-
1535 1171 1571 1202 15

147 1235 167 1264 4
187 1236 282 1260 rum.
344 1223 465 1270 Quod
487 1221 517 1259 si
538 1223 666 1259 furore
692 1228 810 1270 atque
836 1220 1006 1259 amentia
1031 1221 1220 1270 impulsus
1248 1221 1394 1258 bellum
1416 1220 1513 1258 intu-

188 1287 303 1334 lisset,
329 1287 424 1336 quid
449 1287 610 1325 tandem
639 1287 889 1324 vererentur?
945 1293 1010 1323 aut
1038 1299 1105 1323 cur
1126 1287 1175 1323 de
1196 1298 1264 1322 sua
1285 1284 1424 1322 virtute
1447 1292 1512 1322 aut

149 1367 165 1397 5
187 1353 237 1390 de
257 1352 377 1402 ipsius
405 1351 604 1401 diligentia
631 1352 910 1400 desperarent?
968 1352 1130 1388 Factum
1161 1349 1242 1388 eius
1270 1349 1392 1387 hostis
1418 1350 1513 1399 peri-

187 1418 319 1454 culum
340 1423 493 1466 patrum
509 1422 730 1453 nostrorum
748 1414 946 1460 memoria,
963 1428 1064 1461 curn,
1082 1414 1252 1453 Cimbris
1269 1422 1305 1452 et
1322 1414 1512 1452 Teutonis

185 1495 207 1519 a
243 1482 287 1519 C.
317 1480 444 1518 Mario
479 1479 610 1529 pulsis,
646 1492 725 1517 non
759 1478 950 1516 minorem
983 1479 1141 1517 laudem
1174 1478 1363 1516 exercitus
1394 1491 1511 1528 quam
1534 1493 1573 1515 20

187 1546 269 1596 ipse
300 1546 509 1594 imperator
544 1544 703 1583 meritus
734 1544 938 1582 videbatur
952 1558 962 1591 ς
1000 1545 1145 1582 factum
1177 1544 1293 1582 etiam
1324 1557 1447 1593 nuper
1474 1544 1512 1581 in

190 1611 301 1649 Italia
323 1610 449 1649 servili
471 1611 653 1656 tumultu,
676 1622 775 1659 quos
800 1616 931 1647 tamen
959 1608 1107 1658 aliquid
1128 1622 1220 1647 usus
1241 1622 1286 1647 ac
1307 1608 1513 1658 disciplina

148 1685 167 1717 6
188 1688 288 1725 quae
321 1688 344 1713 a
377 1674 491 1712 nobis
525 1673 768 1723 accepissent
807 1673 1063 1711 sublevarent.
1138 1675 1196 1711 Ex
1235 1686 1314 1722 quo
1352 1672 1512 1711 iudicari

186 1752 302 1789 posse
333 1746 523 1788 quantum
559 1738 719 1776 haberet
750 1737 789 1774 in
825 1750 865 1775 se
899 1737 993 1775 boni
1029 1737 1271 1784 constantia3
1309 1744 1513 1787 propterea

187 1805 294 1853 quod
325 1816 424 1853 quos
459 1802 700 1852 aliquamdiu
731 1801 901 1840 inermos
929 1801 1011 1839 sine
1046 1815 1162 1839 causa
1191 1800 1411 1839 timuissent
1440 1802 1512 1838 hos
1534 1816 1570 1846 25

151 1875 322 1917 7postea
345 1874 514 1905 armatos
541 1880 586 1904 ac
608 1866 773 1904 victores
802 1873 1058 1915 superassent.
1120 1865 1302 1915 Denique
1329 1866 1401 1903 hos
1429 1877 1513 1903 esse

187 1932 348 1969 eosdem
391 1930 628 1980 quibuscum
660 1943 776 1980 saepe
807 1943 971 1968 numero
1002 1930 1175 1968 Helvetii
1206 1929 1401 1980 congressi
1432 1942 1511 1968 non

186 1998 312 2035 solum
333 1996 372 2033 in
394 1996 472 2034 suis
494 1997 563 2034 sed
586 1996 702 2034 etiam
719 1996 758 2033 in
780 1995 934 2034 illorum
956 1995 1099 2033 finibus
1115 1997 1346 2045 plerumque
1362 2008 1513 2045 supera-

186 2060 270 2107 rint,
304 2060 368 2110 qui
401 2068 531 2098 tamen
563 2073 672 2110 pares
704 2073 788 2098 esse
818 2067 950 2097 nostro
981 2059 1163 2097 exercitui
1193 2072 1273 2097 non
1304 2058 1509 2109 potuerint.

149 2127 166 2156 8
187 2124 225 2162 Si
247 2137 345 2174 quos
372 2125 578 2162 adversum
610 2124 801 2175 proelium
829 2131 865 2162 et
896 2125 985 2173 fuga
1006 2124 1207 2161 Gallorum
1235 2130 1509 2169 commoveret,
1533 2138 1572 2168 30

187 2191 268 2236 hos,
304 2190 333 2226 si
365 2198 604 2239 quaererent,
635 2189 800 2239 reperire
829 2201 944 2238 posse
978 2188 1231 2226 diuturnitate
1260 2188 1352 2226 belli
1381 2187 1513 2226 defati-

187 2253 282 2304 gatis
314 2254 434 2291 Gallis
471 2253 719 2300 Ariovistum,
752 2266 842 2290 cum
875 2254 1018 2290 multos
1053 2252 1197 2290 mensis
1236 2251 1368 2290 castris
1398 2264 1438 2289 se
1467 2264 1512 2289 ac

231 2367 249 2393 4
278 2355 470 2386 nuntiarant
487 2367 525 2385 a:
553 2356 789 2386 renuntiabant
808 2355 877 2389 33²
1049 2365 1089 2393 23
1113 2365 1200 2394 quae
1217 2366 1236 2384 α
1255 2366 1260 2384 :
1288 2355 1351 2393 qufi'
1368 2353 1425 2389 βΒ
1434 2365 1509 2384 corr.

189 2408 226 2436 31
256 2399 318 2429 hos
335 2398 392 2433 βΒ
406 2409 480 2430 sorr.
500 2411 506 2429 :
530 2400 594 2430 hoc
610 2411 629 2429 α
719 2399 867 2438 reperire
891 2398 962 2428 TB²
977 2409 983 2429 ε
1009 2398 1150 2438 reperiri
1167 2397 1225 2427 αἱ]
