1706 2729
585 134 628 171 C.
665 134 779 172 IVLI
812 135 1080 172 CAESARIs

129 256 148 285 4
169 242 404 294 quibusnam
436 243 616 282 manibus
643 252 709 282 aut
739 244 880 294 quibus
901 244 1045 283 viribus
1070 245 1294 295 praesertim
1320 245 1498 285 homines

169 310 340 347 tantulae
372 316 540 347 staturae
573 308 680 359 (nam
712 311 942 360 plerumque
982 310 1207 349 hominibus
1247 310 1369 349 Gallis
1407 325 1498 362 prae

168 373 436 424 magnitudine
475 387 682 424 corporum
722 388 880 414 suorum
925 375 1091 414 brevitas
1130 384 1261 414 nostra
1299 384 1499 426 contemp-

168 438 221 476 tui
253 438 326 488 est)
358 438 454 476 tanti
479 438 606 477 oneris
639 439 772 477 turrim
804 439 842 477 in
867 443 1023 480 †muros
1053 443 1163 481 sese†
1188 441 1380 479 collocare
1409 453 1498 479 con-

169 504 361 542 fiderent?

105 582 148 619 31
223 568 303 608 Ubi
338 582 429 607 vero
462 569 607 607 moveri
640 577 677 607 et
716 569 1030 620 appropinquare
1065 570 1272 609 moenibus
1306 570 1496 617 viderunt,

168 646 269 671 nova
297 641 415 684 atque
445 634 627 672 inusitata
656 634 787 684 specie
816 635 1006 674 commoti
1037 637 1184 686 legatos
1218 637 1269 674 ad
1290 637 1497 675 Caesarem

120 714 145 739 ,ε
168 699 218 736 de
244 711 341 747 pace
363 697 561 745 miserunt,
584 698 651 749 qui
677 700 728 737 ad
755 700 860 737 hunc
887 701 1051 738 modum
1082 700 1226 738 locuti:
1264 713 1345 739 non
1376 699 1500 738 existi-

169 776 273 800 mare
305 765 509 801 Romanos
539 763 623 802 sine
653 777 729 813 ope
757 763 889 802 divina
918 765 1065 803 bellum
1094 778 1236 814 gerere,
1268 764 1335 815 qui
1369 772 1499 803 tantae

167 826 382 865 altitudinis
400 827 710 866 machinationes
732 835 837 866 tanta
858 828 1053 868 celeritate
1069 843 1299 880 promovere
1315 837 1474 880 possent
1491 845 1498 868 z

132 907 149 937 5
168 906 209 930 se
225 905 374 942 suaque
390 892 523 930 omnia
543 907 678 931 eorum
699 894 882 943 potestati
899 894 1122 944 permittere
1138 894 1327 933 dixerunt.
1361 897 1498 934 Unum

168 964 300 1006 petere
320 971 366 995 ac
387 957 612 1008 deprecari:
643 958 674 996 si
703 960 801 997 forte
829 972 900 1009 pro
927 973 996 997 sua
1019 959 1227 998 clementia
1253 973 1298 997 ac
1324 973 1500 998 mansue-

170 1021 317 1068 tudine,
351 1036 469 1072 quam
509 1022 582 1072 ipsi
615 1024 665 1061 ab
699 1023 783 1061 aliis
816 1023 1006 1070 audirent,
1041 1023 1237 1062 statuisset
1271 1025 1499 1064 Aduatucos

130 1096 151 1126 4
170 1099 254 1124 esse
275 1088 577 1133 conservandos,
599 1101 649 1125 ne
669 1101 710 1126 se
730 1087 846 1125 armis
867 1088 1110 1138 despoliaret.
1170 1088 1252 1127 Sibi
1273 1088 1400 1126 omnis
1422 1090 1500 1128 fere

170 1150 356 1188 finitimos
386 1164 471 1189 esse
499 1151 679 1190 inimicos
708 1165 753 1190 ac
783 1166 876 1190 suae
905 1152 1033 1190 virtuti
1068 1152 1267 1200 invidere,
1305 1167 1328 1190 a
1357 1152 1499 1203 quibus

132 1235 148 1265 5
169 1230 211 1253 se
231 1216 443 1253 defendere
464 1215 613 1254 traditis
632 1216 750 1254 armis
777 1230 856 1255 non
891 1224 1060 1266 possent.
1120 1217 1201 1255 Sibi
1234 1226 1438 1267 praestare,
1469 1217 1501 1255 si

168 1280 208 1317 in
239 1293 328 1318 eum
359 1294 493 1318 casum
524 1282 821 1328 deducerentur,
854 1282 1030 1332 quamvis
1069 1283 1263 1320 fortunam
1297 1297 1319 1320 a
1353 1284 1500 1332 populo

175 1346 356 1383 Romano
377 1344 456 1394 pati
473 1359 591 1395 quam
612 1347 662 1384 ab
679 1345 733 1384 eis
751 1360 818 1396 per
845 1346 1060 1385 cruciatum
1085 1346 1249 1385 interfici
1273 1346 1372 1386 inter
1401 1361 1499 1397 quos

171 1409 364 1447 dominari
385 1418 650 1448 consuessent.

101 1486 151 1524 32
225 1475 290 1513 Ad
321 1475 418 1512 haec
454 1476 597 1514 Caesar
629 1476 852 1526 respondit:
902 1490 943 1515 se
968 1476 1088 1526 magis
1119 1476 1404 1516 consuetudine
1432 1491 1499 1516 sua
1524 1491 1537 1512 2

171 1552 290 1589 quam
312 1539 450 1577 merito
471 1553 605 1578 eorum
636 1540 832 1579 civitatem
853 1550 1182 1589 conservaturum,
1206 1542 1236 1580 si
1257 1542 1361 1592 prius
1383 1557 1501 1593 quam

172 1617 326 1641 murum
347 1603 443 1642 aries
464 1604 652 1654 attigisset
673 1618 713 1643 se
734 1605 977 1644 dedidissent
991 1621 1000 1653 3
1032 1607 1102 1644 sed
1123 1606 1333 1645 deditionis
1354 1609 1500 1645 nullam

137 1687 150 1707 J
172 1682 256 1707 esse
277 1668 552 1707 condicionem
574 1669 647 1707 nisi
674 1669 790 1707 armis
811 1670 969 1708 traditis.
1028 1672 1077 1709 Se
1099 1671 1138 1709 id
1160 1673 1267 1721 quod
1287 1671 1326 1709 in
1349 1672 1500 1711 Nerviis

172 1732 326 1771 fecisset
355 1734 547 1771 facturum
578 1733 830 1783 finitimisque
858 1734 1137 1784 imperaturum
1167 1750 1217 1774 ne
1248 1750 1367 1786 quam
1395 1736 1502 1775 dedi-

136 1812 152 1840 3
173 1797 270 1836 ticiis
308 1797 443 1848 populi
477 1798 647 1836 Romani
682 1798 860 1837 iniuriam
896 1800 1090 1839 inferrent.
1152 1803 1212 1839 Re
1244 1801 1420 1840 nuntiata
1450 1803 1501 1840 ad

134 1882 154 1910 4
172 1876 274 1909 suos,
297 1876 398 1913 quae
418 1863 700 1913 imperarentur
726 1866 852 1903 facere
876 1865 1066 1905 dixerunt.
1126 1869 1337 1906 Armorum
1359 1881 1501 1917 magna

173 1927 423 1967 multitudine
457 1930 506 1967 de
545 1944 657 1969 muro
687 1931 726 1968 in
756 1933 899 1970 fossam
935 1947 1035 1983 quae
1074 1941 1154 1971 erat
1187 1941 1277 1971 ante
1309 1932 1500 1983 oppidum

172 1992 283 2039 iacta,
317 1993 371 2031 sic
406 2002 447 2032 ut
485 2009 606 2046 prope
638 2010 833 2036 summam
865 1998 963 2036 muri
997 1998 1224 2048 aggerisque
1253 1997 1501 2037 altitudinem

172 2057 298 2096 acervi
321 2072 517 2097 armorum
541 2062 819 2111 adaequarent,
842 2070 880 2101 et
908 2070 1038 2101 tamen
1068 2062 1218 2101 circiter
1243 2069 1351 2112 parte
1379 2061 1500 2107 tertia,

1524 839 1560 862 10

173 2130 214 2160 ut
244 2132 379 2173 postea
411 2133 659 2175 perspectum
689 2135 758 2173 est,
789 2128 914 2166 celata
944 2135 1063 2177 atque
1093 2126 1133 2165 in
1163 2126 1311 2177 oppido
1340 2133 1500 2173 retenta,
1523 2138 1563 2169 30

174 2188 293 2237 portis
314 2189 516 2238 patefactis
538 2204 585 2228 eo
606 2190 669 2229 die
690 2205 786 2241 pace
807 2199 896 2230 sunt
917 2191 985 2230 usi.

1405 2272 1418 2287 S

217 2303 235 2320 ε
262 2292 453 2325 hominibus
470 2293 555 2325 codd.
575 2294 665 2326 deles.
686 2308 691 2326 :
718 2296 871 2326 omnibus
889 2295 926 2325 X
1026 2307 1043 2333 4
1071 2306 1185 2326 muros
1202 2293 1301 2326 AB':
1327 2305 1421 2326 muro
1440 2294 1496 2328 M:

176 2345 270 2365 muro
287 2338 328 2369 B:
355 2347 398 2366 an
418 2348 511 2368 muro
528 2343 626 2377 posse
644 2350 680 2368 sc
695 2341 702 2369 ‚⁷-
792 2350 830 2370 10
848 2343 924 2379 post
940 2350 1140 2379 promovere
1158 2338 1234 2370 add.
1253 2344 1285 2369 ct
1304 2349 1343 2368 ex
1361 2339 1497 2379 propiu-

175 2379 301 2417 quitatc
322 2390 456 2419 pugnae
474 2380 533 2415 βΒ
