1768 2739
630 142 673 180 C.
710 142 824 179 IVLI
857 142 1125 180 CAESARIS

214 254 385 292 doceant
424 267 553 304 neque
591 253 733 292 auxilia
763 269 808 293 ex
843 268 912 294 sua
946 255 1101 294 civitate
1132 255 1171 293 in
1202 257 1392 295 Treveros
1423 256 1541 295 missa

179 331 344 367 7neque
378 319 428 356 ab
460 332 501 357 se
544 319 663 357 fidem
705 320 874 358 laesam:
919 327 1055 370 petunt
1095 328 1214 370 atque
1255 328 1366 359 orant
1396 329 1439 360 ut
1467 321 1540 359 sibi

214 389 357 432 parcat,
404 396 453 421 ne
495 383 697 422 communi
738 384 832 423 odio
873 386 1160 423 Germanorum
1201 385 1431 425 innocentes
1472 399 1542 436 pro

213 447 448 487 nocentibus
490 462 636 499 poenas
680 451 879 500 pendant3
923 450 954 488 si
993 450 1161 501 amplius
1195 451 1380 490 obsidum
1414 453 1540 498 vellet,

175 520 192 549 8
212 513 306 550 dare
336 512 578 563 pollicentur.
641 514 811 564 Cognita
831 516 975 554 Caesar
997 529 1114 554 causa
1144 515 1311 566 repperit
1330 517 1382 554 ab
1403 516 1542 555 Suebis
1562 527 1579 558 5

211 577 353 616 auxilia
381 578 498 617 missa
527 592 611 617 esse
626 594 636 626 ,-
666 579 863 619 Ubiorum
892 580 1197 619 satisfactionem
1224 581 1387 631 accepit,
1413 581 1542 620 aditus

212 642 372 692 viasque
402 643 441 681 in
471 644 622 682 Suebos
652 644 849 694 perquirit.

143 711 192 751 10
268 707 429 745 Interim
460 707 594 757 paucis
624 715 714 758 post
743 708 883 747 diebus
914 710 955 747 fit
984 710 1034 748 ab
1066 709 1181 749 Ubiis
1220 710 1359 749 certior
1389 712 1541 750 Suebos

211 771 340 809 omnis
371 771 409 809 in
442 786 564 810 unum
594 774 725 811 locum
756 773 889 823 copias
921 787 1059 824 cogere
1090 782 1207 825 atque
1234 775 1289 813 eis
1316 775 1542 814 nationibus

211 849 313 885 quae
347 837 421 875 sub
454 850 589 875 eorum
625 837 701 876 sint
740 838 904 889 imperio
934 839 1166 878 denuntiare
1196 847 1237 878 ut
1266 839 1407 878 auxilia
1437 840 1603 890 pedi-10

176 917 190 938 2
211 908 314 940 tatus
344 901 618 952 equitatusque
649 902 814 941 mittant.
895 903 970 942 His
1001 904 1166 954 cognitis
1201 905 1327 951 rebus,
1359 918 1439 943 rem
1470 906 1542 943 fru-

212 966 441 1005 mentariam
472 967 661 1017 providet,
689 968 822 1007 castris
854 968 1041 1008 idoneum
1073 971 1204 1007 locum
1235 969 1368 1020 deligit
1385 984 1395 1018 3
1426 969 1542 1009 Ubiis

212 1030 376 1081 imperat
415 1039 455 1069 ut
497 1045 639 1082 pecora
680 1034 879 1072 deducant
920 1048 1068 1084 suaque
1109 1034 1242 1072 omnia
1280 1048 1326 1073 ex
1364 1035 1463 1085 agris
1502 1035 1540 1073 in

211 1095 359 1146 oppida
374 1097 587 1144 conferant,
611 1111 770 1148 sperans
793 1099 977 1137 barbaros
999 1106 1118 1149 atque
1139 1099 1339 1149 imperitos
1360 1099 1541 1138 homines

212 1160 344 1212 inopia
373 1161 608 1201 cibariorum
647 1164 842 1202 adductos
881 1165 932 1203 ad
963 1163 1137 1214 iniquam
1169 1164 1369 1215 pugnandi
1408 1165 1599 1209 condi-15

174 1244 192 1274 3
211 1227 366 1266 cionem
402 1242 517 1279 posse
555 1229 700 1268 deduci
717 1245 727 1278 3
763 1232 923 1269 mandat
953 1238 994 1269 ut
1025 1232 1180 1270 crebros
1211 1233 1472 1282 exploratores
1502 1231 1540 1269 in

211 1293 364 1331 Suebos
399 1293 554 1332 mittant
589 1308 770 1345 quaeque
808 1296 915 1345 apud
956 1309 1023 1334 eos
1064 1303 1245 1345 gerantur
1288 1304 1537 1345 cognoscant.

172 1374 190 1403 4
213 1357 274 1395 Illi
302 1357 490 1408 imperata
520 1358 668 1397 faciunt
693 1367 730 1398 et
758 1360 891 1409 paucis
917 1360 1057 1398 diebus
1090 1360 1317 1399 intermissis
1348 1362 1540 1399 referunt:

211 1422 363 1460 Suebos
393 1422 532 1469 omnis,
565 1430 701 1472 postea
741 1437 859 1472 quam
901 1424 1083 1462 certiores
1126 1425 1250 1463 nuntii
1291 1426 1340 1463 de
1370 1424 1539 1463 exercitu

213 1487 484 1524 Romanorum
533 1487 719 1534 venerint,
765 1501 855 1526 cum
904 1488 1088 1527 omnibus
1137 1489 1215 1527 suis
1264 1490 1539 1539 sociorumque
1562 1504 1601 1525 20

211 1551 333 1601 copiis
375 1565 471 1601 quas
528 1552 749 1602 coegissent
800 1553 956 1602 penitus
999 1555 1049 1592 ad
1093 1562 1286 1593 extremos
1327 1554 1415 1592 finis
1455 1568 1540 1593 sese

173 1627 190 1657 5
211 1617 428 1667 recepisse:
459 1617 595 1656 silvam
617 1631 701 1657 esse
726 1619 779 1657 ibi
807 1618 958 1657 infinita
988 1619 1268 1669 magnitudine,
1292 1634 1392 1670 quae
1412 1622 1542 1670 appel-

210 1684 309 1720 latur
340 1683 505 1721 Bacenis
523 1698 534 1731 3
572 1685 674 1722 hanc
695 1685 810 1734 longe
832 1684 1019 1723 introrsus
1046 1685 1239 1735 pertinere
1260 1693 1298 1724 et
1318 1699 1388 1736 pro
1409 1686 1541 1724 nativo

211 1762 323 1786 muro
380 1749 577 1787 obiectam
626 1751 848 1790 Cheruscos
912 1751 964 1788 ab
1022 1750 1161 1789 Suebis
1210 1751 1443 1801 Suebosque
1489 1752 1539 1790 ab

210 1814 419 1853 Cheruscis
463 1814 611 1853 iniuriis
653 1815 1022 1866 incursionibusque
1066 1816 1296 1866 prohibere:
1357 1817 1409 1855 ad
1457 1816 1540 1855 eius
1561 1829 1598 1860 25

210 1878 363 1916 initium
404 1879 522 1917 silvae
563 1880 715 1918 Suebos
753 1881 967 1919 adventum
1009 1882 1281 1920 Romanorum
1315 1888 1540 1932 exspectare

211 1943 469 1982 constituisse.

158 2016 192 2041 11
266 2008 465 2056 Quoniam
496 2010 546 2047 ad
581 2010 686 2048 hunc
726 2011 856 2048 locum
896 2018 1126 2060 perventum
1156 2018 1225 2058 est,
1257 2024 1338 2049 non
1366 2010 1539 2049 alienum

210 2086 295 2110 esse
335 2073 488 2112 videtur
529 2075 579 2113 de
629 2074 779 2113 Galliae
824 2074 1138 2125 Germaniaeque
1179 2075 1352 2114 moribus
1382 2083 1420 2113 et
1458 2089 1538 2125 quo

173 2139 388 2178 zdifferant
427 2142 501 2178 hae
541 2141 719 2180 nationes
763 2141 862 2180 inter
900 2156 985 2180 sese
1024 2156 1253 2193 proponere.
1332 2144 1380 2181 In
1411 2142 1537 2181 Gallia
1557 2155 1597 2186 30

207 2218 287 2242 non
318 2207 444 2243 solum
476 2205 515 2243 in
545 2206 730 2245 omnibus
759 2206 980 2245 civitatibus
1007 2215 1125 2257 atque
1155 2207 1194 2245 in
1225 2207 1409 2246 omnibus
1429 2206 1537 2257 pagis

208 2269 461 2319 partibusque
483 2272 552 2309 sed
581 2284 707 2320 paene
731 2271 849 2309 etiam
878 2271 918 2309 in
948 2271 1108 2321 singulis
1139 2271 1324 2310 domibus
1348 2271 1537 2310 factiones

172 2340 309 2379 3sunt‚
353 2347 566 2385 earumque
606 2335 820 2374 factionum
861 2335 1056 2385 principes
1104 2343 1205 2382 sunt,
1237 2335 1304 2385 qui
1343 2347 1536 2373 summam

245 2432 266 2460 6
291 2431 454 2461 Ubiorum
479 2431 566 2462 codd.
583 2432 673 2463 (ἰσίαν.
694 2444 699 2462 ;
728 2432 792 2463 Ubi
810 2433 928 2463 horum
949 2431 986 2461 X
1128 2443 1168 2472 25
1192 2433 1322 2463 iniuriis
1338 2431 1535 2463 incursioni-

210 2474 339 2512 busque
356 2473 414 2506 dcl.
431 2473 522 2505 Paul
