1768 2739
699 154 742 191 Γ.
779 154 892 191 IVLI
926 153 1194 190 FAESARIS

208 271 263 317 36
336 267 479 305 Caesar
513 278 559 303 ex
598 277 645 303 eo
683 265 772 302 loco
811 263 956 314 quintis
995 263 1128 301 castris
1169 261 1402 312 Gergoviam
1437 263 1612 312 pervenit

281 330 531 380 equestrique
561 342 608 367 eo
635 329 699 368 die
726 328 874 378 proelio
905 327 978 366 levi
1009 329 1122 374 facto,
1152 334 1358 377 perspecto
1388 327 1494 366 urbis
1523 327 1609 375 situ,

280 408 381 445 quae
401 394 528 445 posita
555 394 595 432 in
621 393 811 433 altissimo
839 400 972 432 monte
1000 392 1128 432 omnis
1155 392 1284 431 aditus
1305 391 1472 431 difficilis
1495 393 1613 431 habe-

280 461 357 507 bat,
384 461 434 499 de
464 459 751 510 expugnatione
781 458 1000 508 desperavit
1015 473 1024 505 3
1059 460 1109 496 de
1139 457 1367 496 obsessione
1396 470 1477 495 non
1506 456 1612 507 prius

279 526 476 575 agendum
516 523 719 562 constituit
757 536 875 573 quam
926 536 1007 561 rem
1047 520 1339 560 frumentariam
1378 520 1609 571 expedisset.
1633 529 1650 561 5

244 609 258 630 2
280 592 333 628 At
346 589 649 639 Vercingetorix,
669 587 802 626 castris
823 600 944 637 prope
965 586 1157 637 oppidum
1178 586 1324 636 positis,
1348 586 1613 624 mediocribus

281 654 427 692 circum
448 667 489 692 se
510 652 720 691 intervallis
742 651 949 701 separatim
978 651 1217 701 singularum
1250 650 1451 689 civitatum
1479 649 1612 700 copias

280 720 539 757 collocaverat
559 724 677 766 atque
698 715 882 754 omnibus
910 714 992 753 eius
1017 714 1096 764 iugi
1117 714 1284 752 collibus
1305 713 1516 763 occupatis,
1536 727 1614 764 qua

244 800 261 830 3
279 782 419 832 dispici
440 789 602 831 poterat,
626 780 852 819 horribilem
880 779 1051 829 speciem
1072 778 1310 828 praebebat3
1338 778 1614 828 principesque

280 860 412 885 earum
442 846 643 884 civitatum
683 857 782 894 quos
821 843 895 882 sibi
924 845 974 882 ad
1006 843 1214 881 consilium
1245 842 1483 892 capiendum
1512 844 1615 881 dele·
1635 857 1674 880 10

279 920 385 962 gerat
405 911 529 961 prima
556 912 643 948 luce
667 909 813 948 cotidie
840 910 891 947 ad
918 922 959 947 se
993 908 1203 947 convenire
1227 907 1398 953 iubebat,
1423 921 1491 946 seu
1517 907 1613 958 quid

241 999 261 1028 4
280 976 657 1015 communicandum
671 988 739 1012 seu
761 974 857 1024 quid
877 973 1233 1012 administrandum
1246 973 1464 1020 videretur3
1484 985 1614 1022 neque

280 1043 403 1080 ullum
433 1042 511 1079 fere
541 1039 647 1078 diem
676 1038 959 1077 intermittebat
993 1037 1087 1087 quin
1123 1036 1293 1087 equestri
1323 1035 1472 1086 proelio
1502 1036 1615 1074 inter-

280 1106 389 1145 iectis
429 1104 632 1155 sagittariis
668 1103 764 1153 quid
804 1103 842 1141 in
882 1116 1042 1153 quoque
1082 1110 1182 1140 esset
1221 1101 1341 1140 animi
1379 1114 1425 1139 ac
1463 1100 1614 1139 virtutis

242 1188 259 1218 5
281 1184 439 1210 suorum
478 1169 767 1220 periclitaretur.
841 1170 934 1206 Erat
969 1181 990 1206 e
1029 1167 1186 1218 regione
1226 1166 1362 1216 oppidi
1396 1165 1505 1204 collis
1540 1166 1613 1204 sub
1638 1181 1672 1213 ¹5

280 1236 372 1286 ipsis
397 1235 592 1274 radicibus
620 1234 764 1273 montis
793 1233 944 1283 egregie
969 1232 1141 1271 munitus
1168 1239 1287 1282 atque
1307 1245 1354 1269 ex
1377 1230 1486 1269 omni
1506 1238 1615 1280 parte

280 1300 531 1339 circumcisus
547 1315 556 1347 3
587 1312 706 1349 quem
732 1298 762 1336 si
783 1305 960 1337 tenerent
982 1297 1113 1343 nostri,
1138 1304 1175 1335 et
1195 1309 1321 1346 aquae
1345 1309 1486 1346 magna
1506 1302 1615 1345 parte

242 1375 261 1407 6
281 1373 318 1403 et
347 1364 601 1414 pabulatione
626 1364 747 1401 libera
774 1362 1006 1412 prohibituri
1034 1361 1156 1399 hostis
1177 1360 1419 1398 videbantur.
1481 1360 1559 1397 Sed
1582 1359 1613 1397 is

281 1430 390 1466 locus
419 1427 614 1477 praesidio
645 1427 697 1464 ab
726 1426 795 1471 his,
826 1439 906 1463 non
940 1425 1056 1462 nimis
1086 1425 1198 1462 firmo
1228 1431 1370 1470 tamen,
1394 1423 1610 1462 tenebatur.

244 1492 443 1543 7Silentio
473 1491 599 1529 noctis
628 1491 772 1530 Caesar
799 1504 845 1528 ex
874 1489 1008 1528 castris
1038 1502 1223 1538 egressus,
1247 1488 1353 1538 prius
1380 1501 1499 1537 quam
1527 1488 1615 1526 sub·
1634 1505 1673 1528 20

280 1558 380 1596 sidio
401 1571 447 1595 ex
467 1556 616 1606 oppido
636 1555 758 1593 veniri
785 1562 918 1604 posset
942 1554 1096 1592 deiecto
1124 1552 1329 1603 praesidio,
1357 1552 1504 1602 potitus
1524 1554 1613 1590 loco

279 1624 376 1661 duas
398 1622 451 1660 ibi
473 1621 646 1670 legiones
674 1619 890 1665 collocavit,
915 1620 1139 1668 fossamque
1161 1617 1360 1667 duplicem
1382 1617 1612 1655 duodenum

279 1687 425 1736 pedum
450 1699 473 1723 a
500 1684 712 1722 maioribus
744 1683 876 1722 castris
903 1684 954 1721 ad
986 1683 1137 1721 minora
1164 1682 1354 1732 perduxit,
1378 1688 1420 1719 ut
1449 1688 1533 1719 tuto
1562 1682 1612 1719 ab

279 1751 483 1800 repentino
505 1749 677 1787 hostium
699 1749 856 1786 incursu
879 1748 995 1786 etiam
1018 1747 1158 1798 singuli
1181 1759 1404 1785 commeare
1424 1753 1595 1795 possent.

209 1829 258 1868 37
335 1818 441 1853 Dum
462 1816 559 1853 haec
575 1814 626 1851 ad
641 1813 874 1862 Gergoviam
891 1819 1085 1862 geruntur,
1098 1809 1420 1851 Convictolitavis
1434 1810 1608 1856 Aeduus,
1632 1828 1671 1859 25

279 1880 342 1919 cui
381 1879 648 1928 magistratum
685 1877 956 1916 adiudicatum
990 1890 1013 1914 a
1045 1878 1212 1915 Caesare
1244 1874 1608 1921 demonstravimus,

280 1945 507 1983 sollicitatus
553 1944 603 1981 ab
638 1942 821 1980 Arvernis
860 1942 1029 1991 pecunia
1071 1954 1161 1979 cum
1201 1940 1438 1990 quibusdam
1481 1939 1612 1977 adule-

280 2009 479 2048 scentibus
523 2008 758 2058 colloquitur
773 2022 783 2055 ,-
832 2020 999 2057 quorum
1044 2014 1123 2045 erat
1164 2006 1345 2056 princeps
1390 2003 1611 2042 Litaviccus

278 2082 396 2124 atque
435 2074 517 2112 eius
556 2075 701 2119 fratres,
738 2071 980 2121 amplissima
1019 2070 1164 2108 familia
1204 2069 1283 2107 nati
1323 2069 1607 2106 adulescentes.

244 2157 258 2177 2
280 2139 382 2177 Cum
404 2138 463 2176 his
484 2137 701 2188 praemium
730 2135 996 2174 communicat
1013 2136 1266 2182 hortaturque
1285 2130 1384 2184 [eos]
1401 2139 1443 2169 ut
1459 2144 1500 2169 se
1519 2131 1611 2170 libe·
1631 2140 1671 2170 30

243 2214 260 2244 3
279 2216 341 2241 ros
371 2211 409 2241 et
439 2203 603 2252 imperio
633 2209 746 2239 natos
776 2199 1036 2238 meminerint.
1103 2200 1236 2238 Unam
1267 2210 1352 2235 esse
1380 2197 1610 2234 Aeduorum

279 2267 475 2306 civitatem
497 2281 598 2318 quae
618 2265 874 2305 certissimam
896 2264 1046 2303 Galliae
1066 2262 1269 2301 victoriam
1290 2260 1498 2308 distineat3
1527 2260 1610 2298 eius

322 2382 343 2410 9
368 2372 485 2410 dispici
511 2371 554 2409 D,
574 2370 685 2401 Paul:
710 2369 840 2408 despici
856 2368 894 2398 X
1006 2377 1042 2406 15
1068 2366 1315 2406 periclitaretur
1330 2366 1376 2399 B:
1400 2363 1609 2403 perspicere-

279 2419 334 2444 tur
351 2427 370 2444 α
464 2424 502 2452 19
520 2419 642 2451 tamen,
661 2413 840 2443 tenebatur
859 2410 1055 2450 Oudendorp
1070 2421 1076 2439 z
1102 2409 1289 2440 tenebatur.
1305 2406 1480 2438 TamenX
1566 2416 1609 2444 3ο

281 2467 339 2487 eos
359 2459 399 2491 B:
425 2467 489 2486 om.
508 2469 526 2485 a
616 2466 657 2493 32
683 2456 842 2485 distineat
866 2454 908 2484 T:
936 2454 1142 2484 dedistineat
1159 2451 1259 2482 AB':
1284 2450 1451 2481 destineat
1470 2447 1548 2478 MU
