1768 2739
595 157 639 194 C.
675 156 791 193 IVLI
823 156 1092 193 CAESARIS

181 281 306 314 suum,
330 281 448 317 quem
470 280 586 317 supra
612 266 966 306 demonstravimus
991 267 1168 307 Caesaris
1189 276 1366 307 secutum
1388 270 1506 308 fidem

181 334 231 371 ab
253 347 300 372 eo
322 347 401 371 non
423 333 659 380 discessisse,
678 335 832 372 hostem
849 333 996 372 iudicat
1017 334 1201 383 bonaque
1222 333 1305 372 eius
1322 334 1505 384 publicat.

142 408 162 437 4
185 398 261 435 His
282 399 397 436 rebus
418 398 618 445 confectis,
643 397 681 436 in
709 398 878 437 concilio
907 398 1135 448 pronuntiat
1164 398 1392 437 arcessitum
1420 413 1461 438 se
1487 413 1508 437 a

183 463 407 501 Senonibus
435 470 472 501 et
503 463 742 502 Carnutibus
771 463 934 514 aliisque
961 464 1229 513 compluribus
1252 463 1402 503 Galliae
1423 463 1511 502 civi-

145 538 162 568 5
183 528 352 573 tatibus;
396 529 473 566 huc
504 528 647 566 iturum
682 542 750 578 per
780 528 868 566 finis
900 530 1117 567 Remorum
1152 542 1369 579 eorumque
1399 543 1511 580 agros
1532 542 1549 574 5

183 595 461 643 populaturum
483 606 528 631 ac
549 593 656 642 prius
681 606 800 642 quam
828 592 869 631 id
897 593 1013 632 faciat
1033 601 1158 633 castra
1179 594 1344 633 Labieni
1365 608 1512 645 oppug-

182 665 376 696 naturum.
437 659 550 705 Quae
572 656 653 695 fieri
673 657 765 695 velit
789 658 986 707 praecipit.

115 714 164 768 5i7
238 722 447 768 Labienus,
466 735 557 760 cum
578 729 616 760 et
636 722 713 760 loci
733 730 870 761 natura
891 730 929 761 et
949 736 1068 762 manu
1089 723 1359 762 munitissimis
1379 724 1513 762 castris

184 801 269 825 sese
297 794 454 834 teneret,
479 788 529 825 de
561 800 632 825 suo
659 800 705 825 ac
735 787 899 837 legionis
929 787 1102 837 periculo
1129 788 1225 826 nihil
1247 788 1409 828 timebat
1424 804 1435 837 3
1463 803 1513 828 ne

185 866 305 901 quam
335 851 585 890 occasionem
613 852 667 890 rei
701 853 804 891 bene
834 854 1029 902 gerendae
1060 853 1273 892 dimitteret
1301 854 1508 904 cogitabat.
1536 868 1573 889 10

151 936 166 956 2
188 918 328 966 Itaque
348 930 370 954 a
386 916 636 967 Cingetorige
656 925 774 967 atque
790 917 873 956 eius
889 917 1120 968 propinquis
1140 918 1316 957 oratione
1338 919 1513 958 Indutio-

187 982 282 1020 mari
311 983 467 1033 cognita
497 996 615 1032 quam
643 982 682 1020 in
710 983 879 1022 concilio
908 984 1108 1031 habuerat,
1133 984 1292 1022 nuntios
1319 984 1437 1022 mittit
1463 985 1514 1023 ad

187 1048 371 1087 finitimas
404 1048 578 1087 civitates
611 1049 843 1100 equitesque
873 1049 1051 1099 undique
1082 1057 1244 1097 evocat3
1274 1049 1333 1087 his
1365 1056 1514 1088 certum

150 1128 168 1158 3
187 1113 293 1152 diem
315 1114 577 1152 conveniendi
605 1114 709 1152 dicit.
772 1114 934 1153 Interim
961 1128 1084 1164 prope
1112 1114 1257 1153 cotidie
1286 1128 1377 1152 cum
1407 1113 1514 1152 omni

186 1178 362 1228 equitatu
395 1178 688 1218 Indutiomarus
715 1180 789 1218 sub
819 1179 953 1218 castris
987 1179 1069 1218 eius
1096 1180 1317 1229 vagabatur,
1351 1179 1445 1217 alias
1475 1186 1516 1217 ut
1539 1193 1575 1224 15

187 1244 304 1282 situm
325 1252 540 1283 castrorum
561 1252 826 1294 cognosceret,
843 1244 938 1283 alias
958 1244 1211 1295 colloquendi
1230 1252 1297 1283 aut
1318 1243 1516 1283 territandi

188 1324 331 1353 causa;
372 1310 523 1360 equites
555 1312 786 1361 plerumque
818 1325 957 1350 omnes
987 1312 1064 1349 tela
1090 1310 1190 1348 intra
1215 1311 1360 1348 vallum
1380 1309 1517 1348 coicie-

150 1389 170 1419 4
191 1375 296 1412 bant.
359 1374 557 1413 Labienus
579 1388 670 1413 suos
698 1375 798 1413 intra
824 1375 1085 1414 munitionem
1107 1374 1335 1413 continebat
1356 1373 1518 1413 timoris-

189 1453 266 1488 que
287 1438 515 1489 opinionem
537 1438 854 1489 quibuscumque
874 1446 1024 1489 poterat
1045 1440 1160 1477 rebus
1179 1440 1356 1488 augebat.

117 1506 169 1553 58
245 1505 347 1543 Cum
370 1502 515 1541 maiore
536 1503 574 1541 in
596 1504 679 1542 dies
695 1504 992 1554 contemptione
1014 1504 1307 1542 Indutiomarus
1326 1505 1378 1543 ad
1395 1511 1518 1542 castra
1541 1519 1580 1541 20

189 1569 405 1614 accederet,
439 1575 556 1606 nocte
590 1582 669 1606 una
698 1568 931 1607 intromissis
965 1568 1162 1618 equitibus
1197 1568 1375 1607 omnium
1407 1568 1519 1606 finiti-

192 1645 343 1670 marum
383 1631 583 1670 civitatum
619 1645 718 1682 quos
748 1633 1008 1671 accersendos
1046 1640 1256 1679 curaverat,
1292 1640 1400 1671 tanta
1437 1633 1521 1672 dili-

190 1697 322 1748 gentia
342 1697 471 1736 omnis
498 1711 590 1736 suos
620 1697 809 1737 custodiis
839 1698 940 1737 intra
967 1706 1093 1737 castra
1120 1698 1326 1745 continuit,
1348 1706 1392 1736 ut
1415 1699 1521 1737 nulla

191 1764 341 1802 ratione
375 1777 421 1802 ea
454 1776 514 1801 res
545 1763 738 1801 enuntiari
771 1771 838 1802 aut
870 1765 922 1802 ad
956 1766 1146 1802 Treveros
1180 1763 1337 1814 perferri
1375 1771 1517 1814 posset.

157 1844 171 1864 2
195 1828 358 1866 Interim
390 1841 437 1866 ex
467 1828 756 1866 consuetudine
782 1827 981 1866 cotidiana
1002 1827 1296 1866 Indutiomarus
1315 1829 1367 1866 ad
1397 1835 1521 1866 castra
1543 1843 1581 1874 25

192 1892 346 1932 accedit
375 1900 494 1942 atque
527 1892 581 1930 ibi
613 1906 795 1943 magnam
827 1900 977 1943 partem
1008 1892 1087 1931 diei
1120 1892 1342 1940 consumit3
1370 1891 1521 1942 equites

193 1959 271 1995 tela
302 1956 474 1995 coiciunt
501 1964 540 1995 et
568 1970 709 2006 magna
739 1970 830 1995 cum
863 1957 1102 1996 contumelia
1130 1957 1338 1995 verborum
1369 1964 1522 1995 nostros

157 2036 174 2065 3
194 2023 244 2060 ad
276 2035 447 2071 pugnam
479 2029 655 2060 evocant.
715 2023 836 2060 Nullo
867 2022 919 2059 ab
945 2021 1086 2060 nostris
1113 2022 1206 2060 dato
1233 2034 1431 2071 responso,
1455 2021 1523 2059 ubi

195 2087 321 2124 visum
353 2094 420 2132 est,
455 2086 528 2124 sub
560 2099 766 2136 vesperum
798 2085 963 2136 dispersi
1000 2099 1047 2124 ac
1085 2085 1262 2136 dissipati
1300 2086 1519 2125 discedunt.

157 2167 175 2197 4
197 2151 335 2189 Subito
358 2151 555 2189 Labienus
587 2151 741 2189 duabus
773 2150 893 2201 portis
926 2164 1086 2189 omnem
1113 2151 1331 2201 equitatum
1358 2149 1524 2196 emittit,
1544 2167 1584 2197 30

197 2215 384 2264 praecipit
404 2223 522 2265 atque
543 2216 750 2263 interdicit,
766 2215 978 2266 proterritis
999 2216 1178 2255 hostibus
1198 2224 1317 2266 atque
1332 2215 1372 2253 in
1392 2217 1523 2264 fugam

198 2279 357 2317 coiectis
393 2282 517 2330 (quod
557 2283 649 2328 fore,
686 2282 785 2320 sicut
823 2281 976 2328 accidit,
1010 2281 1186 2331 videbat)
1225 2294 1348 2319 unum
1386 2292 1524 2318 omnes

200 2352 375 2393 peterent
398 2346 724 2394 Indutiomarum,
744 2361 823 2386 neu
844 2346 931 2397 quis
951 2360 1070 2397 quem
1090 2346 1195 2396 prius
1215 2347 1391 2384 vulneret
1406 2357 1524 2394 quam

472 2458 490 2478 2
514 2449 601 2480 bona
618 2451 640 2485 β
778 2459 793 2489 7
818 2450 984 2490 praecipit
1000 2451 1042 2484 B:
1067 2449 1240 2489 praecepit
1256 2460 1275 2478 α
