1706 2729
624 152 667 189 C.
702 151 817 190 IVLI
849 151 1116 189 CAESARIS

166 277 185 308 4
209 261 432 311 respondit:
477 262 552 300 hoc
598 274 681 299 esse
727 261 963 300 miseriorem
1004 270 1041 300 et
1085 262 1296 312 graviorem
1337 264 1528 303 fortunam

208 328 479 376 Sequanorum
511 339 628 375 quam
663 325 909 376 reliquorum,
945 327 1052 376 quod
1095 327 1165 365 soli
1205 341 1252 365 ne
1292 328 1330 366 in
1375 330 1531 367 occulto

207 389 368 440 quidem
393 390 501 440 queri
532 404 660 440 neque
689 390 873 428 auxilium
905 390 1109 440 implorare
1133 392 1322 430 auderent
1346 392 1531 431 absentis-

206 468 283 504 que
300 454 481 493 Ariovisti
503 454 782 502 crudelitatem,
802 456 907 493 velut
927 454 957 492 si
979 468 1107 493 coram
1125 457 1288 502 adesset,
1308 457 1507 495 horrerent
1524 471 1531 503 ;

163 540 181 570 5
206 527 408 569 propterea
440 521 547 569 quod
583 519 738 569 reliquis
770 527 899 557 tamen
933 520 1044 569 fugae
1078 521 1238 558 facultas
1270 521 1433 567 daretur,
1469 522 1532 559 Se·
1552 533 1569 564 5

206 583 344 633 quanis
376 597 476 631 vero,
511 583 577 633 qui
613 583 711 621 intra
751 584 836 621 finis
875 597 965 621 suos
1004 583 1240 622 Ariovistum
1281 585 1527 635 recepissent,

205 661 370 697 quorum
411 647 557 698 oppida
596 648 727 686 omnia
769 648 807 685 in
856 655 1047 698 potestate
1092 648 1173 687 eius
1212 657 1350 697 essent,
1393 663 1530 688 omnes

204 712 394 750 cruciatus
415 719 544 750 essent
565 712 793 762 perferendi.

128 786 180 824 33
260 776 334 814 His
365 777 479 815 rebus
509 776 683 827 cognitis,
708 778 851 816 Caesar
878 778 1079 816 Gallorum
1110 777 1261 816 animos
1288 778 1414 816 verbis
1441 792 1530 817 con—

204 841 377 888 firmavit,
420 841 694 891 pollicitusque
733 849 789 880 est
828 841 901 880 sibi
939 855 1024 880 earn
1065 855 1144 880 rem
1184 856 1298 881 curae
1337 844 1528 880 futuram:
1554 855 1590 877 ιο

204 919 383 956 magnam
420 919 460 944 se
499 907 643 944 habere
677 919 786 956 spem
820 913 856 944 et
891 906 1084 944 beneficio
1119 920 1190 944 suo
1229 915 1266 945 et
1300 907 1529 945 auctoritate

163 983 178 1004 2
201 971 417 1008 adductum
440 970 678 1008 Ariovistum
700 971 818 1009 finem
834 970 980 1008 iniuriis
1003 971 1203 1008 facturum.
1249 972 1337 1009 Hac
1354 971 1528 1009 oratione

200 1033 332 1072 habita
356 1034 566 1072 concilium
595 1034 750 1073 dimisit.
814 1036 864 1072 Et
885 1035 1101 1072 secundum
1125 1048 1171 1072 ea
1191 1036 1335 1072 multae
1357 1048 1415 1072 res
1436 1048 1526 1072 eum

198 1098 451 1136 hortabantur
471 1112 589 1148 quare
606 1098 678 1137 sibi
696 1112 782 1136 eam
805 1112 885 1136 rem
909 1097 1156 1148 cogitandam
1178 1106 1216 1136 et
1237 1097 1526 1148 suscipiendam
1583 1140 1591 1147 ‚

196 1169 370 1211 putaret3
400 1162 439 1200 in
471 1162 603 1212 primis
634 1163 742 1212 quod
776 1163 947 1209 Aeduos,
972 1163 1105 1201 fratres
1136 1162 1527 1213 consanguineosque
1550 1177 1586 1209 15

195 1239 310 1276 saepe
345 1240 508 1265 numero
546 1241 568 1265 a
602 1234 738 1265 senatu
775 1228 999 1277 appellatos,
1039 1227 1078 1264 in
1119 1227 1300 1265 servitute
1336 1234 1453 1277 atque
1488 1226 1526 1265 in

194 1289 350 1329 dicione
371 1290 529 1329 videbat
552 1293 837 1330 Germanorum
867 1291 987 1330 teneri
1020 1304 1233 1341 eorumque
1262 1291 1420 1330 obsides
1442 1305 1526 1330 esse

193 1355 299 1404 apud
327 1354 563 1394 Ariovistum
597 1369 642 1393 ac
675 1358 877 1405 Sequanos
906 1355 1153 1406 intellegebat
1169 1370 1178 1403 3
1213 1357 1321 1406 quod
1348 1356 1386 1394 in
1417 1363 1526 1394 tanto

194 1417 356 1468 imperio
391 1419 525 1469 populi
564 1419 732 1458 Romani
768 1419 1032 1470 turpissimum
1074 1419 1145 1457 sibi
1181 1428 1219 1458 et
1254 1419 1305 1458 rei
1345 1419 1526 1469 publicae

157 1499 175 1529 3
194 1495 278 1521 esse
309 1482 574 1522 arbitrabatur.
639 1483 829 1522 Paulatim
860 1491 990 1522 autem
1024 1486 1241 1523 Germanos
1269 1497 1525 1523 consuescere
1548 1502 1586 1523 20

196 1547 381 1585 Rhenum
398 1547 557 1585 transire
580 1555 618 1586 et
640 1548 678 1585 in
697 1548 864 1586 Galliam
883 1562 1063 1599 magnam
1081 1563 1214 1588 eorum
1233 1549 1523 1588 multitudinem

154 1625 174 1655 4
194 1611 323 1649 venire
357 1614 503 1662 populo
541 1614 723 1651 Romano
757 1613 1018 1663 periculosum
1051 1614 1218 1653 videbat.
1281 1616 1422 1664 Neque
1451 1614 1525 1652 sibi

193 1675 372 1714 homines
402 1678 501 1715 feros
535 1691 580 1715 ac
612 1678 795 1716 barbaros
828 1686 1108 1729 temperaturos
1141 1678 1385 1717 existimabat
1416 1679 1520 1729 quin,

192 1753 281 1777 cum
304 1753 463 1778 omnem
486 1741 652 1779 Galliam
675 1743 981 1792 occupavissent,
1004 1751 1044 1781 ut
1065 1752 1155 1782 ante
1172 1743 1321 1784 Cimbri
1338 1743 1524 1782 Teutoni-

192 1817 268 1853 que
299 1804 489 1852 fecissent,
513 1805 552 1843 in
585 1806 824 1856 provinciam
851 1808 998 1847 exirent
1031 1817 1148 1859 atque
1179 1808 1270 1847 inde
1301 1809 1339 1846 in
1369 1808 1521 1846 Italiam
1545 1819 1581 1849 25

191 1869 482 1916 contenderent,
508 1872 731 1920 praesertim
766 1887 856 1911 curn
888 1875 1090 1924 Sequanos
1118 1888 1140 1912 a
1167 1873 1365 1923 provincia
1392 1880 1523 1911 nostra

194 1934 411 1971 Rhodanus
432 1934 646 1983 divideret3
677 1938 819 1987 quibus
848 1939 962 1977 rebus
991 1952 1108 1988 quam
1140 1937 1361 1976 maturrime
1391 1951 1522 1976 occur-

155 2009 170 2039 5
191 1998 356 2036 rendum
377 2000 548 2048 putabat.
613 2004 703 2053 Ipse
724 2012 855 2042 autem
879 2003 1094 2042 Ariovistus
1112 2011 1239 2042 tantos
1260 2002 1333 2041 sibi
1354 2001 1519 2052 spiritus,

193 2069 337 2100 tantam
360 2066 616 2116 arrogantiam
642 2076 858 2119 sumpserat
880 2076 922 2106 ut
942 2069 1124 2106 ferendus
1145 2081 1225 2106 non
1245 2067 1449 2106 videretur.

120 2137 172 2174 34
247 2128 376 2174 Quam
407 2131 459 2169 ob
491 2146 571 2170 rem
602 2132 747 2183 placuit
777 2132 811 2171 ei
846 2140 887 2170 ut
916 2133 967 2171 ad
993 2132 1230 2170 Ariovistum
1260 2133 1406 2182 legatos
1435 2129 1518 2168 mit·
1538 2139 1578 2169 30

192 2197 287 2229 teret
322 2194 388 2243 qui
427 2197 477 2234 ab
511 2211 558 2235 eo
593 2199 832 2248 postularent
871 2197 926 2235 uti
964 2196 1134 2246 aliquem
1173 2198 1304 2235 locum
1343 2194 1516 2233 medium

192 2256 391 2308 utriusque
427 2261 625 2311 colloquio
659 2261 866 2312 deligeret:
908 2263 1005 2299 velle
1030 2274 1114 2299 sese
1145 2261 1195 2299 de
1226 2274 1264 2298 re
1295 2258 1450 2309 publica
1481 2265 1518 2296 et

155 2330 169 2350 2
193 2321 353 2360 summis
387 2324 586 2374 utriusque
616 2326 731 2364 rebus
761 2339 850 2364 cum
882 2339 928 2363 eo
957 2339 1078 2375 agere.
1140 2324 1186 2362 Ei
1208 2322 1389 2373 legationi
1410 2321 1518 2360 Ario-

398 2435 438 2464 23
463 2430 710 2465 temperaturos
733 2426 862 2457 Vt'ndob.
882 2426 951 2457 IV:
977 2426 1267 2466 obtemperaturos
1285 2424 1320 2456 X
