1706 2729
567 277 1042 330 PRAEFATIO

198 414 380 452 ComcEs
408 410 550 462 quibus
581 410 831 450 continentur
867 411 973 450 Libri
1003 412 1053 451 de
1085 413 1195 451 Bello
1230 412 1394 459 Gallico,
1425 426 1471 451 ex

143 479 283 516 eodem
300 478 406 515 fonte
427 475 503 515 iam
525 488 604 514 non
627 475 812 515 omnibus
834 476 1007 527 partibus
1035 476 1243 527 purissimo
1264 476 1469 524 derivatos,

144 542 182 579 in
209 543 306 581 duas
332 540 495 579 familias
523 540 733 580 diffluxisse
761 541 896 580 docuit
925 542 1088 581 Carolus
1113 542 1351 593 Nipperdey,
1375 541 1472 580 criti-

142 620 277 645 corum
312 605 634 646 Caesarianorum
672 613 800 656 caput,
839 619 1003 656 quarum
1038 606 1146 645 alteri
1179 607 1313 658 (quam
1348 607 1473 646 littera

143 690 166 710 α
196 670 474 722 significamus)
508 678 641 709 notam
672 670 854 721 integrae,
888 671 996 710 alteri
1025 670 1169 723 (littera
1192 674 1224 723 β
1249 672 1471 723 distinctae)

143 736 396 787 interpolatae
415 736 606 787 apposuit.
657 737 814 775 Horum
837 736 1020 776 codicum
1042 737 1180 788 optimi
1200 745 1290 777 sunt
1311 739 1388 777 fere
1408 737 1448 775 hi
1465 753 1471 775 :

142 829 178 864 A
197 845 231 857 =
248 829 364 864 codex
388 829 749 866 Amstelodamensis
778 832 834 875 81,
864 842 957 867 saec.
986 839 1096 874 Ix-x‚
1123 830 1209 866 olim
1241 830 1334 866 inter
1362 829 1472 865 libros

214 880 338 916 Iacobi
358 880 563 926 Bongarsii,
587 881 672 918 inde
697 883 970 928 Bongarsianus
992 883 1131 929 primus
1148 882 1281 918 dictus.

142 940 359 976 B=codex
388 939 503 976 Paris.
537 942 615 976 Lat.
641 942 743 987 5763,
770 953 865 978 saec.
905 950 961 987 lx,
988 953 1011 978 a
1042 941 1255 987 Nipperdey
1287 940 1473 976 Parisinus

211 991 348 1037 primus
367 992 494 1027 dictus.

142 1051 192 1085 M
205 1066 238 1079 =
255 1051 370 1086 codex
398 1051 510 1087 Paris.
542 1053 619 1088 Lat.
652 1054 754 1097 5056,
776 1064 869 1089 saec.
890 1061 947 1096 ΧΙ,
966 1051 1053 1087 olim
1082 1052 1176 1087 inter
1203 1051 1316 1087 libros
1345 1062 1472 1086 mona-

212 1103 311 1139 sterii
332 1103 608 1148 Moysiacensis.

141 1162 177 1195 R
193 1177 226 1190 =
244 1161 358 1197 codex
377 1163 566 1198 Romanus
590 1162 789 1198 Vaticanus
811 1163 913 1208 3864,
935 1174 1028 1198 saec.
1047 1171 1086 1197 Χ.

148 1221 184 1254 T
193 1235 227 1248 =
244 1221 359 1256 codex
390 1221 503 1256 Paris.
532 1223 612 1256 Lat.
643 1222 743 1266 5764,
773 1232 868 1256 saec.
895 1229 951 1264 ΧΙ,
978 1220 1064 1255 olim
1093 1220 1186 1256 inter
1210 1219 1321 1256 libros
1347 1219 1472 1255 Iacobi

211 1273 367 1317 Augusti
387 1273 544 1316 Thuani,
568 1272 652 1308 inde
672 1274 872 1308 Thuaneus
890 1272 1019 1308 dictus.

146 1331 185 1366 U
197 1347 228 1359 =
246 1331 362 1366 codex
387 1332 591 1367 Vaticanus
620 1341 722 1375 3324,
750 1341 844 1366 saec.
871 1339 946 1374 XII,
972 1330 1059 1366 olim
1091 1330 1185 1367 inter
1213 1330 1323 1366 libros
1354 1329 1472 1366 Fulvii

213 1383 352 1428 Ursini,
372 1383 455 1419 inde
476 1382 700 1420 Ursinianus
719 1383 847 1419 dictus.

196 1459 352 1497 Horum
386 1459 515 1496 nullus
547 1472 593 1496 ex
623 1458 700 1496 alio
733 1456 984 1508 transcriptus
1017 1464 1086 1504 est,
1120 1457 1170 1496 ab
1205 1456 1264 1496 his
1300 1458 1474 1508 pendent

142 1522 259 1561 ceteri
278 1522 345 1572 qui
361 1523 490 1562 adhuc
512 1522 766 1561 innotuerunt
783 1521 952 1570 codices,
972 1529 1136 1573 excepto
1153 1523 1314 1561 fortasse
1336 1522 1473 1562 codice

142 1586 525 1626 Ashburnhamiano.

194 1651 445 1691 Adhibentur
474 1652 591 1690 etiam
623 1651 860 1702 quibusdam
888 1651 983 1691 locis
1014 1651 1083 1691 ubi
1103 1665 1234 1691 veram
1262 1651 1471 1691 lectionem

141 1712 312 1757 seruasse
332 1717 513 1756 videntur
532 1717 618 1755 libri
639 1717 678 1755 hi
695 1732 702 1755 :

145 1795 175 1829 C
192 1810 217 1821 =
238 1793 353 1828 codex
379 1793 491 1828 Paris.
512 1795 591 1829 Lat.
619 1795 739 1838 6842¹³‚
760 1807 845 1830 saec
872 1804 911 1837 X,
937 1793 1052 1829 codici
1078 1795 1113 1828 B
1137 1792 1355 1836 simillimus,
1373 1793 1470 1836 frag-

211 1852 336 1881 menta
353 1844 545 1880 continens
565 1845 738 1881 librorum
761 1848 836 1881 I—V
855 1857 928 1881 uno
945 1853 1071 1881 tenore
1090 1846 1233 1890 scripta.

141 1904 181 1938 D
200 1920 224 1929 =
247 1904 363 1938 codex
396 1904 662 1939 Laurentianus
694 1904 1069 1940 Ashburnhamianus
1099 1914 1154 1948 33,
1183 1914 1275 1938 saec.
1311 1911 1349 1947 Χ,
1382 1902 1472 1937 inte-

210 1967 299 2001 grae
322 1955 480 1990 familiae
509 1955 726 2001 simillimus,
750 1957 798 1991 ita
824 1963 948 1993 tamen
974 1956 1111 1991 familia
1141 1956 1359 2001 interpolata
1385 1967 1472 1990 con-

212 2007 410 2043 taminatus
445 2015 483 2043 ut
517 2008 612 2045 inter
646 2010 827 2055 genuinos
875 2008 1035 2044 familiae
1069 2025 1089 2043 a
1126 2008 1219 2044 filios
1253 2008 1364 2053 recipi
1399 2019 1472 2042 non

212 2061 357 2096 debean

145 2120 178 2154 G
194 2119 350 2154 =codex
369 2121 640 2168 Gottorpiensis
667 2134 732 2159 seu
761 2122 989 2158 Havniensis
1016 2120 1198 2157 secundus
1224 2131 1267 2155 ex
1295 2118 1420 2154 codice
1438 2120 1473 2153 R

212 2171 428 2217 descriptus.

136 2229 171 2274 J
182 2245 216 2257 =
232 2231 347 2265 codex
373 2233 486 2269 Paris.
518 2234 596 2269 Lat.
621 2233 725 2277 6106,
751 2233 953 2279 exscriptus
978 2233 1112 2268 Iadrae
1138 2242 1235 2267 anno
1269 2237 1368 2274 1437,
1385 2228 1472 2265 inde

216 2283 402 2320 Iadrensis
419 2285 548 2320 dictus.

145 2353 167 2374 ιι
184 2356 219 2369 =
235 2342 351 2379 codex
371 2343 483 2378 Paris.
504 2345 581 2379 Lat.
604 2344 701 2388 5766,
722 2355 815 2380 saec.
835 2352 925 2388 xm,
945 2342 1061 2379 codici
1081 2343 1116 2378 A
1139 2341 1356 2378 simillimus.
