1768 2739
421 123 494 159 DE
526 121 705 159 BELLO
735 120 980 159 GALLICO
1012 121 1114 158 LIB.
1147 120 1229 157 VII

159 231 390 271 auctoritate
421 231 586 282 reliquas
618 229 808 269 contineri
822 245 832 277 3
871 243 948 280 qua
982 231 1169 275 traducta,
1199 230 1330 267 locum
1360 227 1483 267 consi-

160 296 288 335 stendi
320 295 510 335 Romanis
541 295 581 333 in
613 295 739 333 Gallia
777 308 857 332 non
896 296 986 332 fore.
1052 296 1149 332 Esse
1181 307 1260 332 non
1300 295 1407 332 nullo
1442 307 1482 332 se
1501 312 1519 341 4

160 360 337 400 Caesaris
364 359 557 398 beneficio
577 360 785 405 adfectum,
810 358 864 396 sic
881 366 1012 396 tamen
1040 367 1081 396 ut
1102 358 1352 396 iustissimam
1377 358 1482 407 apud

159 438 250 463 eum
266 438 422 462 causam
443 422 653 462 obtinuerit
667 437 676 471 ς
704 423 773 461 sed
789 424 876 472 plus
897 421 1099 460 communi
1119 421 1285 460 libertati
1302 421 1479 460 tribuere.

121 497 138 528 5
160 490 242 528 Cur
256 488 360 527 enirn
376 488 504 538 potius
517 486 648 526 Aedui
664 488 713 525 de
734 500 805 525 suo
822 487 903 525 iure
923 495 961 525 et
977 488 1026 525 de
1043 486 1192 537 legibus
1209 487 1259 525 ad
1273 488 1481 526 Caesarem
1502 497 1519 527 5

158 552 460 602 disceptatorem
480 565 598 602 quam
621 551 794 590 Romani
817 553 867 590 ad
888 553 1050 590 Aeduos
1071 551 1258 589 veniant?
1297 550 1483 590 Celeriter
1501 555 1520 586 6

156 617 473 656 adulescentibus
500 624 538 654 et
564 616 739 654 oratione
766 616 1010 665 magistratus
1037 624 1075 654 et
1095 615 1269 665 praemio
1290 615 1480 660 deductis,

158 695 248 720 cum
281 695 322 719 se
360 682 421 719 vel
449 680 643 731 principes
676 680 757 719 eius
792 680 929 719 consili
963 682 1044 719 fore
1075 681 1356 730 profiterentur,
1386 679 1483 718 ratio

158 745 385 796 perficiendi
405 746 673 795 quaerebatur,
691 746 798 794 quod
820 744 1013 783 civitatem
1037 752 1181 783 temere
1202 745 1252 783 ad
1274 743 1483 794 suscipien-

103 819 142 841 10
159 811 256 848 dum
293 811 439 848 bellum
479 809 624 849 adduci
663 823 779 859 posse
813 823 893 847 non
932 809 1196 848 confidebant.
1262 808 1410 847 Placuit
1440 816 1518 852 ut7

159 873 378 913 Litaviccus
402 875 541 913 decem
568 874 641 912 illis
668 873 824 912 milibus
855 887 955 923 quae
977 873 1133 913 Caesari
1154 874 1205 911 ad
1226 874 1372 911 bellum
1400 872 1483 910 mit-

158 945 330 976 terentur
358 940 630 988 praeficeretur
656 946 774 988 atque
804 951 849 976 ea
876 939 1060 976 ducenda
1087 944 1246 983 curaret,
1271 939 1483 987 fratresque

157 1002 241 1040 eius
269 1004 320 1041 ad
347 1004 554 1042 Caesarem
583 1011 882 1053 praecurrerent.
944 1002 1111 1052 Reliqua
1139 1016 1216 1052 qua
1246 1002 1394 1040 ratione
1423 1001 1483 1052 agi

157 1069 309 1118 placeat
330 1067 581 1106 constituunt.

101 1142 137 1174 15
213 1132 441 1179 Litaviccus,
468 1141 630 1182 accepto
658 1133 836 1179 exercitu,
861 1146 951 1170 cum
982 1132 1087 1170 milia
1118 1146 1303 1182 passuum
1334 1131 1483 1170 circiter
1502 1134 1553 1181 38

157 1209 246 1235 xxx
272 1198 322 1236 ab
348 1198 540 1247 Gergovia
562 1199 726 1244 abesset,
750 1197 974 1237 convocatis
1006 1197 1136 1235 subito
1170 1196 1357 1235 militibus
1378 1196 1483 1234 lacri-

157 1275 291 1300 mans:
325 1263 438 1311 ‘Quo
464 1262 769 1312 proficiscimur‚'
790 1262 926 1312 inquit,
953 1261 1145 1300 ‘milites?
1184 1261 1325 1300 Omnis
1353 1269 1483 1299 noster
1506 1276 1519 1297 2

156 1326 361 1376 equitatus,
381 1326 510 1366 omnis
531 1327 714 1365 nobilitas
735 1327 879 1365 interiit
893 1342 902 1374 3
932 1326 1126 1377 principes
1147 1325 1322 1372 civitatis,
1340 1327 1483 1376 Epore-

155 1390 264 1429 dorix
302 1398 340 1430 et
373 1391 652 1438 Viridomarus,
686 1391 898 1429 insimulati
937 1390 1168 1441 proditionis
1206 1391 1256 1428 ab
1292 1389 1483 1428 Romanis

99 1467 136 1489 20
155 1455 301 1495 indicta
321 1470 437 1495 causa
458 1456 648 1494 interfecti
669 1464 769 1494 sunt.
832 1458 945 1494 Haec
972 1456 1022 1494 ab
1047 1455 1140 1505 ipsis
1171 1455 1395 1505 cognoscite
1417 1454 1483 1504 qui
1505 1468 1520 1498 3

156 1534 203 1558 ex
230 1520 313 1570 ipsa
343 1522 463 1559 caede
493 1522 697 1570 fugerunt:
728 1534 820 1558 nam
848 1534 920 1570 ego
950 1520 1129 1558 fratribus
1157 1527 1274 1569 atque
1299 1519 1482 1558 omnibus

156 1584 252 1623 meis
290 1585 519 1635 propinquis
563 1585 774 1623 interfectis
814 1586 950 1623 dolore
989 1584 1199 1635 prohibeor
1237 1598 1337 1634 quae
1375 1591 1482 1633 gesta

155 1657 246 1686 sunt
283 1649 557 1698 pronuntiare.'
632 1651 908 1688 Producuntur
947 1648 981 1686 ei
1030 1662 1129 1698 quos
1169 1648 1231 1686 ille
1271 1649 1519 1692 edocuerat4

156 1726 257 1762 quae
286 1712 364 1751 dici
393 1714 517 1759 vellet,
549 1721 668 1763 atque
707 1715 846 1752 eadem
879 1727 979 1762 quae
1011 1713 1229 1750 Litaviccus
1260 1712 1483 1761 pronuntia-

99 1790 135 1821 25
155 1785 261 1815 verat
289 1777 530 1816 multitudini
550 1786 774 1827 exponunt:
807 1776 984 1830 [multos]
1007 1777 1156 1827 equites
1177 1778 1407 1815 Aeduorum
1428 1776 1482 1814 in-
1501 1795 1518 1826 5

155 1843 345 1888 terfectos‚
369 1844 478 1892 quod
505 1843 689 1881 collocuti
714 1857 804 1881 cum
827 1842 1010 1881 Arvernis
1036 1842 1257 1881 dicerentur
1270 1857 1280 1890 3
1312 1841 1416 1891 ipsos
1441 1855 1481 1880 se

156 1905 254 1944 inter
269 1906 559 1945 multitudinem
583 1907 750 1947 militum
768 1909 996 1955 occultasse,
1014 1915 1132 1957 atque
1149 1921 1194 1945 ex
1215 1906 1345 1945 media
1360 1908 1481 1945 caede

155 1969 307 2019 fugisse.
381 1972 642 2010 Conclamant
680 1972 810 2011 Aedui
849 1981 887 2011 et
925 1972 1167 2011 Litaviccum
1201 1972 1407 2010 obsecrant
1438 1979 1518 2009 ut6
1543 2011 1553 2017 ,

154 2034 229 2072 sibi
255 2036 442 2074 consulat.
507 2040 515 2056 ‘
536 2036 659 2085 Quasi
683 2039 798 2084 vero,'
823 2037 949 2087 inquit
976 2038 1050 2085 ille,
1079 2036 1240 2075 ‘consili
1267 2035 1314 2074 sit
1343 2050 1413 2082 reS,
1434 2049 1479 2073 ac
1502 2050 1517 2080 7

95 2113 135 2143 30
155 2113 235 2137 non
282 2114 442 2139 necesse
489 2101 537 2139 sit
574 2101 688 2139 nobis
732 2102 965 2152 Gergoviam
1014 2103 1254 2141 contendere
1306 2109 1343 2139 et
1390 2114 1480 2138 cum

154 2164 337 2202 Arvernis
371 2173 525 2203 nosmet
552 2166 799 2216 coniungere.
859 2170 922 2205 An
951 2168 1177 2206 dubitamus
1210 2166 1303 2217 quin
1334 2165 1480 2204 nefario
1499 2174 1517 2204 8

153 2228 325 2267 facinore
358 2229 531 2267 admisso
567 2230 739 2268 Romani
773 2231 850 2269 iarn
879 2233 930 2269 ad
962 2245 1033 2270 nos
1069 2231 1360 2270 interficiendos
1392 2244 1480 2268 con-

153 2294 340 2333 currant?
396 2294 576 2342 Proinde,
600 2294 632 2333 si
652 2295 748 2345 quid
769 2295 808 2333 in
828 2296 942 2335 nobis
969 2296 1090 2335 animi
1111 2304 1178 2343 est,
1203 2309 1481 2347 persequamur

331 2398 368 2426 16
393 2406 435 2427 XL
451 2399 473 2431 β
608 2407 647 2435 25
673 2397 795 2428 multos
819 2409 857 2427 a:
893 2409 1010 2429 omnes
1035 2401 1079 2433 βε
1102 2398 1158 2429 dcl.
1183 2398 1300 2430 Wln‘tte
