1768 2739
442 137 515 174 DE
548 135 726 172 BELLO
757 134 1002 172 GALLICO
1033 135 1133 171 LIB.
1167 136 1203 170 V

216 247 427 286 Mittuntur
457 247 507 284 ad
538 247 745 285 Caesarem
778 244 984 282 confestim
1016 245 1066 282 ab
1096 244 1289 284 Cicerone
1320 246 1480 292 litterae,
1500 255 1556 293 40

160 314 309 364 magnis
330 312 538 363 propositis
558 310 749 361 praemiis,
766 310 796 348 si
813 310 1078 360 pertulissent:
1107 310 1276 349 obsessis
1297 311 1482 349 omnibus

159 379 229 417 viis
264 378 371 416 missi
402 376 708 426 intercipiuntur.
779 376 910 413 Noctu
945 388 991 413 ex
1020 375 1182 412 materia
1212 388 1330 425 quam
1361 375 1484 413 muni-
1507 391 1520 411 ι

159 442 275 481 tionis
305 455 422 481 causa
450 446 789 490 comportaverant
821 446 942 478 turres
981 440 1199 477 admodum
1235 447 1394 478 centum
1424 452 1483 478 xx

123 521 138 551 5
159 508 374 546 excitantur
408 505 627 544 incredibili
666 505 886 552 celeritate,
934 518 1034 554 quae
1069 506 1206 543 deesse
1240 505 1347 555 operi
1381 505 1485 543 vide-

159 573 299 610 bantur
329 571 589 621 perficiuntur.
651 571 799 608 Hostes
828 577 986 619 postero
1015 569 1080 607 die
1113 571 1237 607 multo
1272 570 1484 608 maioribus
1505 582 1522 613 3

158 636 302 674 coactis
330 635 452 685 copiis
480 642 604 673 castra
630 642 870 684 oppugnant,
894 636 1038 672 fossam
1060 636 1271 684 complent.
1332 637 1483 674 Eadem

159 701 317 747 ratione,
340 713 417 750 qua
437 699 572 750 pridie,
595 699 644 737 ab
666 699 807 737 nostris
828 698 1025 737 resistitur.
1087 701 1179 737 Hoc
1200 699 1306 738 idem
1326 700 1484 750 reliquis
1505 711 1523 740 4

159 765 346 815 deinceps
376 766 418 803 fit
447 764 597 803 diebus.
662 765 781 802 Nulla
810 777 898 814 pars
928 764 1109 802 nocturni
1139 764 1325 814 temporis
1354 767 1405 803 ad
1435 766 1485 803 la·
1505 775 1521 805 5

104 844 141 866 10
160 831 295 869 borem
334 829 623 877 intermittitur;
670 842 750 867 non
789 828 923 878 aegris,
958 842 1038 867 non
1073 829 1282 868 vulneratis
1321 832 1486 869 facultas

160 894 299 944 quietis
320 895 442 933 datur.
495 894 781 944 Quaecumque
800 894 851 932 ad
868 893 1032 944 proximi
1050 893 1127 932 diei
1148 896 1484 945 oppugnationem
1504 903 1523 934 6

160 972 258 1009 opus
302 966 391 997 sunt
430 966 549 997 noctu
589 966 887 1009 comparantur:
932 960 1078 997 multae
1111 967 1315 1009 praeustae
1354 962 1483 1008 sudes,

161 1037 323 1073 magnus
352 1023 558 1062 muralium
583 1023 750 1074 pilorum
776 1037 961 1062 numerus
986 1023 1223 1072 instituitur3
1252 1031 1373 1063 turres
1395 1039 1487 1064 con-

161 1089 394 1135 tribulantur,
417 1088 561 1138 pinnae
588 1088 809 1138 loricaeque
835 1102 882 1127 ex
907 1088 1077 1127 cratibus
1100 1096 1334 1128 attexuntur.
1395 1092 1487 1142 Ipse
1508 1104 1523 1138 7

105 1168 141 1199 15
162 1153 312 1200 Cicero,
354 1166 443 1191 cum
484 1152 711 1191 tenuissima
749 1152 973 1191 valetudine
1011 1160 1124 1200 esset,
1161 1167 1211 1192 ne
1249 1162 1485 1194 nocturnum

161 1217 321 1267 quidem
343 1217 416 1255 sibi
433 1224 586 1267 tempus
607 1218 657 1256 ad
674 1217 846 1267 quietem
867 1216 1122 1267 relinquebat,
1138 1225 1179 1257 ut
1195 1219 1296 1258 ultro
1317 1219 1486 1259 militum

161 1295 353 1321 concursu
373 1295 419 1320 ac
439 1282 602 1320 vocibus
624 1281 697 1321 sibi
718 1295 876 1332 parcere
896 1289 1106 1332 cogeretur.

213 1349 328 1385 Tunc
366 1348 487 1385 duces
527 1346 801 1397 principesque
836 1348 1069 1386 Nerviorum
1108 1347 1175 1398 qui
1208 1348 1380 1399 aliquem
1414 1363 1488 1389 ser·
1505 1355 1551 1393 41

161 1412 288 1451 monis
308 1412 458 1451 aditum
484 1425 722 1462 causamque
748 1411 943 1450 amicitiae
966 1425 1056 1450 cum
1074 1412 1267 1452 Cicerone
1287 1415 1488 1453 habebant

105 1492 143 1513 20
161 1476 332 1526 colloqui
363 1489 448 1515 sese
477 1477 576 1515 velle
610 1476 757 1515 dicunt.
824 1478 942 1515 Facta
980 1484 1174 1527 potestate
1211 1480 1351 1518 eadem
1385 1493 1487 1530 quae
1508 1495 1522 1515 2

161 1541 365 1580 Ambiorix
393 1554 482 1579 cum
504 1541 656 1579 Titurio
684 1548 813 1591 egerat
840 1549 1176 1581 commemorant:
1216 1556 1376 1582 omnem
1401 1558 1487 1584 esse
1508 1559 1525 1590 3

161 1606 201 1644 in
229 1606 344 1645 armis
373 1606 539 1644 Galliam
555 1621 565 1654 ,-
600 1607 819 1645 Germanos
851 1608 1037 1645 Rhenum
1068 1607 1250 1647 transisse
1264 1623 1275 1657 ‚-
1309 1610 1486 1649 Caesaris

161 1672 477 1722 reliquorumque
498 1671 661 1710 hiberna
681 1671 908 1722 oppugnari.
960 1673 1127 1711 Addunt
1147 1673 1264 1712 etiam
1281 1675 1331 1713 de
1351 1675 1486 1713 Sabini
1504 1688 1524 1719 4

162 1744 286 1775 morte
293 1751 302 1784 ;
328 1737 597 1788 Ambiorigem
618 1744 816 1776 ostentant
837 1736 929 1775 fidei
950 1737 1152 1777 faciendae
1172 1751 1299 1777 causa.
1351 1742 1487 1778 Errare
1506 1753 1523 1783 5

104 1815 141 1847 25
162 1815 229 1840 eos
259 1802 406 1849 dicunt,
444 1802 474 1841 si
504 1802 715 1853 quicquam
747 1803 798 1841 ab
837 1802 892 1841 eis
921 1802 1089 1852 praesidi
1120 1811 1276 1853 sperent
1307 1804 1373 1854 qui
1407 1805 1487 1843 suis

162 1868 277 1905 rebus
306 1867 484 1906 diffidant
499 1882 509 1915 ,-
547 1881 632 1906 sese
658 1876 789 1906 tamen
819 1869 896 1906 hoc
925 1881 1010 1906 esse
1038 1868 1078 1905 in
1104 1868 1337 1907 Ciceronem
1366 1883 1489 1919 popu-

162 1934 323 1982 lumque
356 1934 582 1971 Romanum
616 1933 749 1972 animo
788 1941 830 1971 ut
869 1933 964 1971 nihil
999 1933 1072 1972 nisi
1107 1933 1271 1973 hiberna
1308 1942 1488 1973 recusent

162 2004 279 2046 atque
306 1998 407 2035 hanc
434 1997 714 2037 inveterascere
740 1998 1068 2037 consuetudinem
1096 1998 1245 2037 nolint:
1275 1999 1390 2038 licere
1414 1999 1487 2038 illis
1506 2008 1525 2039 6

164 2061 426 2100 incolumibus
456 2075 524 2112 per
558 2076 599 2101 se
637 2076 683 2101 ex
712 2063 884 2102 hibernis
915 2063 1117 2102 discedere
1149 2070 1187 2101 et
1218 2077 1488 2114 quascumque

107 2141 146 2171 30
164 2127 202 2164 in
224 2127 341 2177 partis
362 2127 481 2165 velint
501 2127 584 2166 sine
608 2136 715 2166 metu
739 2128 943 2178 proficisci.
997 2129 1137 2169 Cicero
1163 2131 1213 2168 ad
1241 2130 1338 2168 haec
1364 2143 1487 2168 unum
1509 2143 1525 2175 7

165 2190 285 2227 modo
312 2190 536 2239 respondit:
567 2203 647 2229 non
682 2204 767 2229 esse
799 2192 1127 2231 consuetudinem
1155 2191 1291 2242 populi
1317 2193 1488 2230 Romani

163 2254 340 2303 accipere
355 2255 405 2292 ab
421 2255 534 2293 hoste
549 2262 698 2294 armato
713 2256 1006 2295 condicionem:
1033 2256 1063 2294 si
1084 2257 1133 2295 ab
1149 2256 1265 2295 armis
1286 2256 1488 2296 discedere
1507 2267 1524 2296 8

163 2318 293 2365 velint,
317 2332 357 2357 se
377 2318 555 2358 adiutore
575 2326 732 2358 utantur
758 2321 984 2371 legatosque
1007 2322 1058 2359 ad
1085 2322 1293 2360 Caesarem
1316 2321 1489 2369 mittant3

165 2396 318 2432 sperare
338 2397 407 2433 pro
428 2383 510 2422 eius
531 2384 675 2423 iustitia
694 2398 795 2435 quae
815 2385 995 2435 petierint
1015 2386 1298 2436 impetraturos.
