1768 2739
440 136 511 172 DE
544 135 722 172 BELLO
755 135 998 172 GALLICO
1031 136 1131 173 LIB.
1165 136 1246 172 VII

180 249 421 295 obtinebant,
455 248 508 285 sic
540 247 672 285 animo
702 246 822 296 parati
854 253 904 293 ut,
936 246 964 283 si
996 261 1081 285 eam
1113 249 1296 297 paludem
1329 250 1502 287 Romani

179 326 428 363 perrumpere
455 318 697 357 conarentur,
721 310 946 348 haesitantis
973 319 1193 360 premerent
1214 326 1259 350 ex
1282 315 1370 351 loco
1391 327 1503 364 supe-

180 378 303 426 riore3
350 385 391 416 ut
426 376 493 427 qui
524 375 856 426 propinquitatem
892 375 967 414 loci
1002 375 1149 415 videret
1186 385 1341 427 paratos
1381 392 1502 428 prope
1525 394 1541 422 J,

178 456 306 493 aequo
336 444 464 480 Marte
492 441 543 479 ad
572 440 842 480 dimicandum
877 440 1122 488 existimaret,
1159 441 1226 491 qui
1256 441 1501 491 iniquitatem

141 506 423 548 5condicionis
462 505 697 556 perspiceret
745 505 852 543 inani
891 505 1140 544 simulatione
1180 520 1264 545 sese
1306 515 1503 546 ostentare

178 578 439 621 cognosceret.
501 570 747 620 Indignantis
768 569 909 608 milites
938 571 1090 617 Caesar,
1115 572 1223 620 quod
1244 580 1500 621 conspectum
1523 588 1541 617 4

178 649 292 674 suum
330 636 462 673 hostes
497 636 664 685 perferre
691 642 852 685 possent
881 636 1032 673 tantulo
1063 635 1188 685 spatio
1218 635 1430 683 interiecto,
1464 645 1501 675 et

178 700 331 751 signum
372 699 494 750 proeli
534 699 780 749 exposcentis
819 700 960 738 edocet
1000 708 1149 749 quanto
1188 700 1425 740 detrimento
1465 711 1503 740 et

177 773 273 815 quot
292 765 461 803 virorum
486 764 643 803 fortium
668 771 793 803 morte
816 777 977 803 necesse
1003 765 1051 803 sit
1077 773 1256 804 constare
1276 766 1476 804 victoriam
1492 781 1502 813 ,-

120 843 158 865 10
177 843 276 879 quos
297 843 386 868 cum
407 828 462 867 sic
481 828 614 867 animo
634 837 789 879 paratos
809 828 939 867 videat
963 837 1005 868 ut
1031 831 1182 868 nullum
1204 843 1274 880 pro
1295 844 1364 868 sua
1385 832 1501 869 laude
1524 842 1540 872 5

177 893 392 943 periculum
422 901 611 941 recusent,
640 907 817 932 summae
846 907 887 932 se
917 893 1130 944 iniquitatis
1159 895 1414 934 condemnari
1438 897 1502 935 de-

176 958 278 1005 bere,
289 957 363 996 nisi
376 958 637 996 eorumvitam
655 972 724 997 sua
737 960 860 997 salute
876 959 1019 997 habeat
1033 959 1230 998 cariorem.
1282 959 1345 998 Sic
1360 960 1500 998 milites
1522 966 1541 997 6

177 1024 401 1060 consolatus
415 1023 555 1060 eodem
572 1022 635 1060 die
648 1022 798 1061 reducit
819 1022 858 1060 in
873 1030 997 1061 castra
1010 1023 1236 1073 reliquaque
1250 1037 1350 1074 quae
1370 1025 1420 1063 ad
1437 1038 1502 1074 op-

176 1086 456 1136 pugnationem
478 1086 723 1136 pertinebant
744 1086 879 1137 oppidi
900 1087 1170 1126 administrare
1190 1087 1364 1126 instituit.

121 1164 155 1196 15
230 1150 532 1201 Vercingetorix,
563 1164 652 1189 cum
682 1152 733 1190 ad
763 1164 854 1190 suos
884 1151 1055 1199 redisset,
1083 1152 1314 1202 proditionis
1344 1151 1502 1192 insimu-
1521 1163 1575 1190 20

174 1216 275 1254 latus
310 1216 418 1265 quod
458 1223 582 1254 castra
612 1215 771 1265 propius
803 1217 1008 1254 Romanos
1043 1215 1236 1263 movisset,
1274 1218 1382 1266 quod
1412 1231 1501 1255 cum

176 1279 284 1317 omni
305 1279 480 1329 equitatu
511 1279 763 1326 discessisset,
789 1281 897 1329 quod
919 1280 1002 1318 sine
1024 1279 1187 1330 imperio
1214 1288 1340 1319 tantas
1370 1281 1502 1331 copias

176 1343 402 1393 reliquisset,
433 1345 541 1394 quod
567 1344 649 1382 eius
676 1344 852 1382 discessu
879 1343 1050 1382 Romani
1080 1352 1187 1383 tanta
1211 1345 1503 1395 opportunitate

176 1416 213 1447 et
245 1409 440 1448 celeritate
474 1409 695 1457 venissent,
730 1422 810 1447 non
846 1410 943 1447 haec
974 1409 1107 1447 omnia
1138 1409 1297 1447 fortuito
1326 1417 1392 1448 aut
1420 1409 1503 1448 sine
1524 1422 1538 1443 2

118 1489 157 1511 20
176 1474 341 1513 consilio
378 1474 556 1513 accidere
596 1474 794 1525 potuisse;
841 1488 1002 1525 regnum
1045 1474 1154 1513 illum
1198 1474 1348 1513 Galliae
1387 1476 1502 1513 malle

176 1539 353 1578 Caesaris
392 1553 583 1578 concessu
622 1552 741 1589 quam
781 1539 954 1589 ipsorum
990 1540 1134 1577 habere
1168 1539 1385 1578 beneficio:
1434 1540 1498 1578 tali
1523 1548 1540 1577 3

175 1605 296 1642 modo
316 1612 521 1643 accusatus
545 1606 596 1643 ad
617 1605 715 1643 haee
739 1603 964 1654 respondit:
1010 1605 1118 1654 quod
1148 1612 1272 1642 castra
1303 1604 1497 1651 movisset,

175 1671 320 1707 factum
341 1669 474 1719 inopia
494 1669 637 1719 pabuli,
662 1669 778 1708 etiam
801 1669 893 1719 ipsis
914 1669 1159 1707 hortantibus
1174 1684 1183 1717 3
1213 1670 1321 1719 quod
1342 1669 1500 1719 propius

176 1736 379 1773 Romanos
407 1734 643 1782 accessisset,
667 1748 895 1785 persuasum
924 1733 998 1772 loci
1027 1734 1318 1784 opportunitate
1339 1734 1405 1783 qui
1436 1738 1501 1775 †se

117 1813 154 1844 ²5
175 1799 329 1849 ipsu1n†
350 1799 568 1838 munitione
590 1800 842 1846 defenderet3
874 1798 1049 1848 equitum
1071 1812 1162 1836 vero
1192 1811 1350 1848 operam
1372 1811 1501 1847 neque
1520 1816 1538 1845 4

175 1864 213 1901 in
244 1865 331 1902 loco
361 1864 520 1914 palustri
550 1863 761 1903 desiderari
797 1864 980 1903 debuisse
1021 1871 1058 1902 et
1098 1863 1174 1901 illic
1209 1863 1326 1902 fuisse
1364 1863 1498 1901 utilem

174 1942 254 1978 quo
279 1929 355 1967 sint
382 1929 555 1979 profecti.
577 1934 594 1969 l
631 1931 832 1968 Summam
863 1929 999 1979 imperi
1031 1942 1072 1967 se
1097 1930 1278 1967 consulto
1307 1928 1402 1966 nulli
1426 1928 1500 1966 dis-
1520 1940 1536 1970 5

174 1995 383 2032 cedentem
414 1994 631 2041 tradidisse,
652 2007 702 2033 ne
728 1994 759 2032 is
785 1994 1046 2032 multitudinis
1076 1993 1207 2032 studio
1234 1994 1284 2031 ad
1315 1992 1499 2031 dimican-

174 2059 269 2096 dum
291 2058 553 2107 impelleretur
566 2073 576 2106 3
620 2057 682 2096 cui
703 2058 755 2096 rei
776 2065 934 2109 propter
953 2057 1073 2096 animi
1106 2057 1309 2096 mollitiem
1344 2057 1500 2094 studere

114 2135 154 2165 30
174 2121 301 2159 omnis
342 2122 500 2169 videret,
535 2123 643 2172 quod
682 2122 827 2161 diutius
862 2123 1035 2161 laborem
1071 2124 1167 2160 ferre
1208 2135 1288 2159 non
1326 2128 1496 2171 possent.

176 2185 347 2224 Romani
377 2185 407 2223 si
438 2199 529 2224 casu
560 2186 845 2233 intervenerint,
878 2188 1065 2233 fortunae,
1099 2186 1130 2224 si
1159 2185 1322 2224 alicuius
1353 2184 1498 2223 indicio
1519 2189 1538 2221 6

175 2251 311 2297 vocati,
335 2250 426 2288 huic
453 2251 678 2290 habendam
707 2250 879 2300 gratiam,
903 2251 1011 2300 quod
1042 2257 1079 2288 et
1104 2249 1340 2300 paucitatem
1363 2263 1497 2288 eorum

221 2369 260 2389 10
277 2358 407 2389 videret
423 2370 442 2388 α
574 2370 614 2398 25
640 2359 750 2399 ipsum
767 2357 820 2387 X:
848 2358 920 2397 ipse
946 2363 981 2388 ut
997 2358 1148 2389 Kraner:
1175 2358 1245 2397 ipse
1269 2358 1343 2388 sine
1369 2357 1499 2396 Bentley

174 2412 212 2441 31
234 2402 479 2433 intervenirent
495 2413 514 2432 α
