1768 2739
404 153 477 191 DE
509 151 688 189 BELLO
719 151 964 189 GALLICO
996 152 1096 188 LIB.
1129 152 1211 190 VII

146 264 401 311 instituerent,
459 277 538 314 quo
594 262 743 301 facilius
799 262 1023 312 repentinos
1070 262 1242 301 hostium
1299 263 1467 313 impetus

146 329 390 368 sustinerent.

200 398 287 436 Fuit
308 399 403 435 haec
423 395 546 435 oratio
567 408 647 433 non
667 394 815 444 ingrata
840 394 977 443 Gallis,
995 401 1032 432 et
1053 393 1232 440 maxime,
1255 395 1362 443 quod
1383 393 1465 443 ipse
1486 403 1541 441 30

145 462 277 501 animo
306 474 386 499 non
425 461 620 498 defecerat
649 465 759 496 tanto
793 465 958 507 accepto
990 458 1247 496 incommodo
1277 470 1406 506 neque
1432 470 1467 494 se

108 535 125 566 5
145 525 184 563 in
211 525 408 563 occultum
435 523 639 561 abdiderat
666 530 703 560 et
730 529 987 571 conspectum
1014 520 1275 559 multitudinis
1296 522 1468 570 fugerat:

145 591 310 639 plusque
329 587 462 626 animo
483 587 686 637 providere
714 594 751 624 et
777 585 1012 635 praesentire
1034 585 1336 631 existimabatur,
1359 585 1467 634 quod
1490 602 1504 622 2

145 666 184 690 re
204 651 351 700 integra
377 651 504 700 primo
532 651 828 688 incendendum
850 649 1072 695 Avaricum,
1095 657 1185 698 post
1205 649 1467 687 deserendum

145 722 357 753 censuerat.
418 716 557 764 Itaque
578 722 620 752 ut
647 713 885 763 reliquorum
906 713 1183 762 imperatorum
1204 726 1263 750 res
1284 713 1468 750 adversae
1490 724 1507 754 3

145 779 415 817 auctoritatem
436 779 629 825 minuunt,
648 778 703 816 sic
723 777 838 815 huius
859 791 906 815 ex
926 777 1119 815 contrario
1140 777 1307 827 dignitas
1323 776 1470 815 incom-

94 859 131 880 ιο
148 845 267 882 modo
287 851 451 893 accepto
472 843 511 881 in
532 842 616 881 dies
636 842 859 892 augebatur.
919 841 1042 879 Simul
1062 841 1102 879 in
1129 854 1239 891 spem
1259 840 1468 879 veniebant
1488 858 1509 888 4

147 907 228 945 eius
253 907 524 945 adfirmatione
555 909 605 946 de
634 906 791 956 reliquis
820 905 1080 955 adiungendis
1112 904 1361 951 civitatibus,-
1399 903 1470 953 pri-

146 985 335 1021 mumque
356 985 404 1010 eo
428 979 604 1020 tempore
629 970 731 1009 Galli
752 977 877 1008 castra
902 969 1053 1008 munire
1074 969 1334 1015 instituerunt,
1358 975 1395 1006 et
1415 967 1470 1005 sic

147 1044 236 1074 sunt
266 1036 399 1074 animo
433 1035 671 1074 consternati
706 1034 886 1073 homines
922 1034 1063 1072 insueti
1090 1032 1233 1071 laboris
1265 1039 1306 1071 ut
1338 1032 1472 1071 omnia

147 1114 248 1149 quae
269 1100 549 1149 imperarentur
570 1099 643 1137 sibi
664 1099 849 1148 patienda
869 1097 1141 1136 existimarent.

91 1178 127 1209 15
203 1166 288 1202 Nec
328 1163 456 1201 minus
495 1177 613 1213 quam
662 1170 719 1201 est
766 1161 962 1211 pollicitus
1001 1160 1296 1209 Vercingetorix
1338 1159 1471 1197 animo
1491 1169 1535 1207 31

148 1228 349 1266 laborabat
379 1235 421 1265 ut
450 1227 616 1276 reliquas
647 1225 822 1264 civitates
857 1224 1096 1273 adiungeret,
1123 1232 1241 1273 atque
1270 1237 1335 1262 eas
1356 1223 1471 1261 donis

147 1291 572 1341 pollicitationibusque
603 1290 807 1328 alliciebat.
880 1288 989 1327 Huic
1015 1289 1068 1327 rei
1095 1289 1261 1326 idoneos
1291 1288 1471 1326 homines
1493 1308 1507 1328 2

146 1356 341 1405 deligebat
362 1369 529 1405 quorum
550 1354 716 1404 quisque
743 1361 809 1391 aut
830 1352 1005 1391 oratione
1027 1352 1195 1390 subdola
1214 1359 1280 1389 aut
1300 1351 1472 1389 amicitia

146 1420 327 1459 facillime
347 1433 486 1470 capere
505 1427 647 1469 posset.
709 1418 788 1467 Qui
805 1417 972 1455 Avarico
993 1424 1215 1467 expugnato
1236 1418 1466 1466 refugerant,
1494 1427 1511 1456 3

91 1499 129 1521 20
146 1486 355 1523 armandos
375 1484 679 1533 vestiendosque
707 1490 814 1521 curat
832 1497 840 1527 ;
875 1481 1000 1527 simul,
1024 1489 1066 1519 ut
1087 1480 1314 1519 deminutae
1335 1480 1472 1530 copiae
1492 1492 1511 1522 4

147 1549 506 1599 redintegrarentur,
530 1548 694 1598 imperat
715 1555 864 1585 certum
893 1559 1099 1584 numerum
1121 1545 1288 1583 militum
1313 1545 1473 1583 civitati-

148 1614 231 1659 buS,
254 1626 372 1662 quem
399 1621 437 1652 et
462 1626 579 1662 quam
606 1619 697 1650 ante
721 1611 826 1650 diem
856 1610 896 1648 in
923 1617 1047 1648 castra
1073 1609 1217 1647 adduci
1238 1608 1339 1654 velit,
1363 1608 1474 1658 sagit-

148 1678 344 1727 tariosque
365 1677 503 1723 omnis,
527 1690 693 1726 quorum
715 1682 795 1714 erat
816 1688 1049 1724 permagnus
1072 1686 1255 1711 numerus
1273 1673 1311 1710 in
1334 1673 1470 1719 Gallia,

151 1741 327 1791 conquiri
354 1749 391 1779 et
417 1742 469 1779 ad
489 1754 529 1779 se
550 1740 650 1779 mitti
671 1740 788 1778 iubet.
850 1738 926 1776 His
956 1738 1071 1776 rebus
1102 1737 1276 1775 celeriter
1305 1737 1344 1775 id
1366 1738 1473 1787 quod

94 1821 132 1852 25
152 1806 305 1844 Avarici
334 1805 550 1855 deperierat
589 1805 772 1854 expletur.
834 1802 995 1841 Interim
1026 1804 1295 1847 Teutomatus,
1331 1801 1474 1839 Ollovi-
1494 1810 1510 1840 5

152 1871 261 1909 conis
290 1870 401 1916 filius,
431 1871 496 1908 rex
527 1868 801 1918 Niffiobrigum,
826 1867 936 1906 cuius
963 1874 1071 1916 pater
1097 1867 1147 1904 ab
1177 1872 1314 1904 senatu
1341 1873 1474 1903 nostro

150 1934 298 1972 amicus
320 1941 399 1972 erat
415 1935 642 1983 appellatuS,
663 1946 752 1971 cum
774 1945 917 1982 magno
938 1931 1115 1981 equitum
1131 1943 1289 1968 suorum
1311 1943 1474 1968 numero

150 2006 188 2036 et
208 2011 307 2047 quos
328 2011 374 2035 ex
393 1997 606 2047 Aquitania
627 1998 867 2035 conduxerat
888 1997 937 2034 ad
960 2009 1050 2034 eum
1073 1994 1256 2045 pervenit.

205 2063 348 2100 Caesar
373 2061 526 2099 Avarici
554 2060 764 2110 compluris
790 2060 873 2098 dies
905 2066 1170 2098 commoratus
1201 2071 1475 2107 summamque
1497 2068 1547 2105 32

94 2139 133 2169 30
151 2126 204 2164 ibi
225 2125 380 2175 copiam
406 2125 590 2163 frumenti
610 2132 648 2163 et
668 2124 805 2174 reliqui
826 2132 1070 2163 commeatus
1100 2130 1237 2161 nactus
1264 2122 1475 2160 exercitum

151 2204 197 2228 ex
224 2191 356 2244 labore
382 2197 499 2239 atque
526 2189 658 2238 inopia
684 2188 816 2227 reficit.
878 2190 962 2226 Iam
984 2200 1105 2237 prope
1130 2187 1259 2225 hieme
1284 2187 1472 2232 confecta,
1498 2205 1513 2226 2

152 2268 242 2293 cum
272 2254 358 2304 ipso
389 2254 481 2292 anni
505 2261 681 2302 tempore
707 2254 758 2291 ad
792 2254 1006 2303 gerendum
1038 2252 1184 2289 bellum
1210 2258 1412 2289 vocaretur
1439 2259 1476 2289 et

195 2370 214 2396 4
239 2368 276 2388 se
304 2357 350 2387 ed.
375 2361 448 2396 jun:
475 2366 539 2386 om.
570 2354 605 2385 X
739 2356 778 2384 16
802 2355 900 2385 donis
929 2353 1293 2393 pollicitationibusque
1310 2355 1353 2388 fi:
1380 2354 1477 2384 bonis

154 2400 451 2441 pollicitationibus
467 2411 486 2429 α
622 2408 660 2437 19
684 2407 806 2437 capere
822 2408 887 2428 om,
906 2397 948 2426 B'
965 2409 972 2427 :
998 2397 1071 2437 capi
1088 2398 1111 2431 β
1218 2407 1256 2435 31
1284 2397 1399 2427 refecit
1418 2397 1458 2426 B'

197 2464 338 2485 CAESAR.
359 2463 425 2485 135.
1352 2451 1386 2482 11
