1706 2729
126 551 142 581 5

106 872 145 894 10

107 1194 142 1224 ¹5

103 1516 142 1538 20

440 173 514 210 DE
545 171 724 209 BELLO
755 170 1000 209 GALLICO
1031 171 1132 207 LIB.
1168 171 1208 207 ΙΙ

169 282 457 322 multitudinem
482 281 521 319 in
548 280 748 319 communi
774 282 978 330 Belgarum
1005 280 1171 319 concilio
1197 281 1247 319 ad
1274 280 1313 318 id
1341 280 1486 318 bellurn

167 347 360 397 pollicitus
389 345 436 385 sit
467 344 729 396 cognoverint.
790 344 1005 382 Plurimum
1040 344 1137 382 inter
1164 357 1230 382 eos
1260 345 1487 383 Bellovacos
1507 356 1523 387 5

166 419 203 449 et
232 411 369 449 virtute
399 418 437 449 et
467 409 695 448 auctoritate
727 417 764 447 et
796 408 1000 447 hominum
1031 422 1194 446 numero
1224 409 1372 446 valere:
1416 409 1487 446 hos

166 489 278 525 posse
299 475 490 513 conficere
511 482 656 512 armata
678 473 782 511 milia
798 481 968 519 centum,
986 472 1178 523 pollicitos
1196 486 1241 510 ex
1262 486 1308 510 eo
1325 486 1488 510 numero

165 540 287 577 electa
325 538 530 589 sexaginta,
568 538 763 587 totiusque
802 537 893 576 belli
928 537 1133 587 imperium
1172 536 1245 574 sibi
1279 538 1487 586 postulare.

164 603 390 641 Suessiones
425 616 515 640 suos
548 616 631 641 esse
662 602 872 649 finitimos;
913 601 1119 640 latissimos
1151 600 1486 650 feracissimosque
1506 610 1524 639 6

162 680 272 717 agros
318 667 526 717 possidere.
601 668 720 717 Apud
759 680 825 705 eos
871 666 987 704 fuisse
1026 679 1155 716 regem
1200 673 1331 703 nostra
1369 664 1523 709 etiam7

164 731 350 769 memoria
367 731 624 779 Diviciacum,
643 731 760 770 totius
783 731 932 770 Galliae
956 730 1282 780 potentissimum,
1305 729 1371 779 qui
1396 743 1485 767 cum

164 809 326 846 magnae
355 796 471 846 partis
502 797 638 834 harum
668 795 871 846 regionum
903 803 985 833 tum
1019 795 1135 833 etiam
1167 793 1389 832 Britanniae
1419 793 1486 831 im-

163 859 312 909 perium
344 859 578 898 obtinuerit:
623 874 727 898 nunc
762 874 845 898 esse
880 873 1009 910 regem
1044 860 1234 898 Galbam:
1282 859 1333 897 ad
1368 859 1484 904 hunc,

163 933 319 975 propter
338 924 522 962 iustitiam
545 924 872 974 prudentiamque
892 937 1014 971 suam,
1037 924 1155 962 totius
1175 923 1267 962 belli
1291 936 1485 961 summam

162 989 339 1027 omnium
355 991 555 1027 voluntate
575 989 713 1028 deferri
728 1004 738 1037 ;
767 988 914 1039 oppida
934 989 1078 1026 habere
1099 1001 1262 1026 numero
1283 999 1356 1033 X11,
1379 987 1486 1037 polli-
1505 994 1523 1023 8

162 1053 239 1092 ceri
281 1053 386 1091 milia
426 1061 572 1092 armata
610 1053 900 1104 quinquaginta.
977 1052 1163 1091 Totidem
1204 1052 1378 1098 Nervios,
1419 1051 1485 1102 qui

163 1118 330 1157 maxime
364 1118 432 1156 feri
470 1118 569 1156 inter
607 1118 711 1167 ipsos
750 1119 968 1156 habeantur
996 1117 1300 1167 longissimeque
1332 1116 1485 1164 absint3

163 1182 387 1232 quindecim
410 1182 514 1221 milia
534 1183 751 1229 Atrebates,
774 1182 992 1221 Ambianos
1012 1183 1150 1220 decem
1172 1181 1287 1228 milia,
1308 1181 1484 1219 Morinos
1503 1195 1522 1226 9

162 1259 248 1285 xxv
269 1239 384 1293 milia,
413 1247 620 1297 Menapios
644 1259 700 1284 vn
734 1247 848 1294 milia,
873 1248 1030 1286 Caletos
1051 1258 1078 1283 x
1100 1246 1216 1292 milia,
1240 1246 1485 1284 Veliocasses

161 1319 199 1349 et
215 1311 505 1350 Viromanduos
527 1311 702 1359 totidem,
722 1313 950 1350 Aduatucos
972 1313 1109 1349 decem
1135 1318 1172 1348 et
1199 1324 1341 1348 novem
1363 1310 1467 1348 milia
1476 1325 1484 1357 3

162 1377 401 1422 Condrusos,
420 1376 635 1421 Eburones,
652 1377 878 1421 Caeroesos,
898 1377 1127 1421 Paemanos,
1146 1373 1212 1424 qui
1230 1388 1308 1413 uno
1325 1374 1484 1413 nomine
1508 1392 1546 1413 10

161 1439 345 1479 Germani
366 1441 620 1490 appellantur,
642 1439 815 1478 arbitrari
835 1440 886 1477 ad
906 1451 961 1477 XL
982 1439 1095 1477 milia.

215 1506 357 1544 Caesar
388 1505 536 1543 Remos
575 1505 800 1542 cohortatus
834 1504 1119 1553 liberaliterque
1151 1504 1326 1543 oratione
1358 1517 1484 1554 prose·
1503 1511 1528 1549 5

159 1578 282 1616 cutus,
322 1583 481 1607 omnem
526 1576 703 1607 senatum
747 1570 796 1607 ad
845 1582 885 1607 se
927 1568 1136 1607 convenire
1185 1569 1484 1618 principumque

159 1634 300 1672 liberos
334 1633 492 1671 obsides
526 1634 576 1672 ad
611 1648 651 1671 se
682 1633 825 1672 adduci
858 1633 975 1671 iussit.
1037 1635 1150 1682 Quae
1181 1633 1313 1672 onmia
1343 1634 1392 1671 ab
1425 1633 1484 1671 his

160 1698 363 1748 diligenter
392 1699 443 1736 ad
474 1698 578 1736 diem
612 1700 712 1736 facta
746 1706 845 1736 sunt.
907 1700 998 1747 Ipse
1024 1699 1267 1736 Diviciacum
1299 1699 1483 1736 Aeduum
1507 1711 1520 1731 2

161 1776 396 1812 magnopere
434 1764 659 1801 cohortatus
698 1764 815 1801 docet
858 1770 1007 1812 quanto
1052 1776 1169 1812 opere
1208 1762 1260 1800 rei
1304 1762 1484 1811 publicae

104 1838 139 1868 25
161 1827 461 1876 communisque
492 1827 624 1865 salutis
658 1826 805 1865 intersit
841 1840 978 1864 manus
1013 1826 1184 1864 hostium
1218 1825 1403 1873 distineri,
1434 1840 1484 1865 ne

161 1904 250 1928 cum
278 1899 384 1928 tanta
410 1890 659 1929 multitudine
690 1904 769 1929 uno
799 1899 974 1941 tempore
998 1890 1290 1940 confligendum
1318 1890 1374 1928 sit.
1436 1891 1484 1929 Id
1505 1901 1522 1931 3

160 1955 240 1993 fieri
261 1968 387 2004 posse,
409 1955 440 1993 si
461 1969 549 1993 suas
570 1955 702 2004 copias
724 1955 850 1993 Aedui
874 1955 912 1993 in
934 1955 1020 1993 finis
1048 1956 1344 1993 Bellovacorum
1370 1954 1484 1993 intro—

159 2019 339 2057 duxerint
359 2027 397 2057 et
417 2033 551 2057 eorum
578 2033 689 2069 agros
716 2019 893 2069 populari
917 2019 1127 2069 coeperint.
1190 2019 1265 2057 His
1291 2019 1483 2058 mandatis

159 2097 249 2121 eum
273 2084 322 2121 ab
350 2096 391 2121 se
417 2083 586 2121 dimittit.
647 2086 860 2134 Postquam
887 2083 1014 2122 omnis
1046 2085 1251 2133 Belgarum
1282 2083 1414 2133 copias
1443 2083 1482 2121 in
1502 2097 1519 2127 4

105 2161 116 2171 “
160 2161 281 2186 unum
310 2149 443 2186 locum
472 2156 627 2186 coactas
655 2149 706 2186 ad
735 2162 776 2187 se
805 2148 936 2187 venire
965 2148 1071 2195 vidit,
1104 2162 1233 2198 neque
1262 2148 1338 2186 iam
1368 2150 1483 2198 longe

158 2213 295 2252 abesse
332 2213 382 2251 ab
421 2212 476 2250 eis
513 2226 612 2262 quos
652 2212 806 2251 miserat
844 2212 1150 2263 exploratoribus
1190 2221 1227 2251 et
1264 2213 1314 2251 ab
1348 2212 1482 2258 Remis

159 2277 352 2327 cognovit,
384 2279 531 2315 flumen
555 2279 746 2323 Axonam,
773 2279 881 2328 quod
905 2286 962 2316 est
989 2277 1027 2315 in
1056 2277 1235 2316 extremis
1267 2279 1482 2317 Remorum

161 2341 316 2389 finibus,
356 2341 568 2380 exercitum
614 2343 814 2380 traducere
854 2341 1058 2380 maturavit
1100 2349 1217 2392 atque
1260 2341 1314 2380 ibi
1359 2350 1479 2381 castra

300 2454 333 2474 11
361 2455 453 2476 suam
472 2445 573 2476 totius
590 2444 668 2475 belli
686 2455 846 2476 summam
865 2457 884 2475 α
901 2455 906 2474 :
932 2454 1092 2476 summam
1111 2446 1211 2477 totius
1228 2444 1306 2476 belli
1323 2448 1345 2479 β
