1768 2739
679 160 722 197 C.
757 161 872 197 IVLI
905 161 1173 199 CAESARIS

261 272 408 318 fuisset,
431 273 538 310 nulla
558 271 597 309 in
623 285 662 309 re
688 271 889 310 communi
918 271 1030 309 saluti
1056 273 1189 310 deerat
1214 279 1252 311 et
1277 272 1315 310 in
1342 274 1586 323 appellandis

262 336 596 386 cohortandisque
630 335 817 374 militibus
860 336 1103 386 imperatoris
1145 344 1184 375 et
1216 336 1255 375 in
1291 351 1422 387 pugna
1454 338 1586 377 militis

223 419 240 449 3
263 402 390 440 officia
405 402 636 452 praestabat.
679 403 781 441 Cum
799 409 955 452 propter
971 401 1258 452 longitudinem
1275 402 1440 452 agminis
1457 403 1587 442 minus

262 467 374 505 facile
404 467 537 505 onmia
566 480 634 516 per
665 480 706 505 se
738 466 847 505 obire
871 474 908 505 et
936 466 1032 517 quid
1059 480 1218 517 quoque
1242 469 1331 506 loco
1360 468 1585 507 faciendum

260 539 361 570 esset
396 531 600 581 providere
640 538 810 581 possent,
845 531 1038 570 iusserunt
1068 531 1320 582 pronuntiare
1354 540 1396 570 ut
1425 532 1588 583 impedi-

220 604 392 644 4menta
430 596 694 646 relinquerent
731 603 850 646 atque
884 596 923 634 in
963 597 1099 636 orbem
1138 596 1405 636 consisterent.
1466 599 1588 646 Quod

259 660 466 699 consilium
492 660 563 699 etsi
590 660 630 698 in
659 660 854 700 eiusmodi
885 675 977 699 casu
1008 663 1375 712 reprehendendum
1406 676 1486 701 non
1517 670 1586 709 est,

222 743 239 774 5
260 733 391 764 tamen
421 726 675 765 incommode
699 726 866 766 accidit:
903 741 994 765 nam
1025 734 1063 765 et
1094 727 1234 766 nostris
1262 727 1450 766 militibus
1477 741 1587 778 spem

260 790 399 829 minuit
420 798 457 829 et
478 791 600 830 hostis
621 793 672 830 ad
694 804 867 841 pugnam
891 791 1096 830 alacriores
1119 791 1257 839 effecit,
1273 793 1381 842 quod
1402 806 1483 831 non
1504 792 1587 831 sine

221 867 240 898 6
259 870 415 895 summo
436 856 574 895 timore
601 864 639 895 et
664 855 937 906 desperatione
965 856 1006 895 id
1036 858 1181 895 factum
1202 855 1417 895 videbatur.
1478 858 1588 895 Prae-

258 928 363 960 terea
390 921 544 968 accidit,
577 923 685 971 quod
721 920 803 960 fieri
835 934 996 960 necesse
1026 928 1117 967 erat,
1149 928 1192 959 ut
1220 922 1337 971 vulgo
1367 920 1508 960 milites
1537 922 1588 959 ab

259 985 376 1035 signis
408 985 667 1033 discederent,
701 999 803 1036 quae
836 985 1004 1036 quisque
1033 998 1169 1024 eorum
1200 984 1399 1023 carissima
1427 986 1589 1024 haberet

258 1051 308 1089 ab
335 1050 628 1101 impedimentis
654 1057 786 1101 petere
817 1057 937 1100 atque
965 1049 1132 1100 arripere
1160 1057 1395 1100 properaret,
1417 1051 1588 1089 clamore

259 1122 297 1153 et
318 1117 411 1154 fletu
432 1115 566 1154 omnia
587 1116 886 1165 complerentur.

189 1196 242 1234 34
315 1184 367 1220 At
402 1180 573 1220 barbaris
609 1180 817 1220 consilium
854 1195 934 1220 non
968 1180 1102 1220 defuit.
1163 1182 1267 1219 Nam
1298 1181 1421 1219 duces
1451 1194 1587 1219 eorum

260 1254 341 1285 tota
360 1246 443 1286 acie
470 1246 722 1297 pronuntiare
748 1246 953 1294 iusserunt,
977 1260 1027 1285 ne
1053 1246 1140 1296 quis
1163 1247 1214 1285 ab
1240 1248 1330 1285 loco
1356 1245 1586 1293 discederet,

259 1311 413 1350 illorum
453 1325 538 1350 esse
587 1313 773 1362 praedam
813 1319 932 1362 atque
973 1311 1046 1350 illis
1091 1312 1275 1350 reservari
1313 1324 1588 1361 quaecumque

260 1376 431 1415 Romani
478 1376 751 1426 reliquissent:
802 1376 968 1426 proinde
1007 1376 1141 1414 omnia
1179 1376 1218 1414 in
1257 1375 1419 1414 victoria
1462 1375 1589 1425 posita

224 1457 238 1478 2
259 1439 531 1479 existimarent.
595 1442 716 1479 Erant
736 1448 775 1479 et
795 1440 935 1479 virtute
955 1448 994 1480 et
1010 1444 1200 1481 †numero
1221 1440 1422 1491 pugnandi
1438 1444 1585 1490 †pares.

259 1504 403 1551 Nostri,
437 1505 590 1543 tametsi
621 1506 671 1544 ab
702 1506 804 1544 duce
833 1513 872 1544 et
900 1519 924 1544 a
953 1507 1108 1544 fortuna
1137 1506 1427 1552 deserebantur,
1454 1512 1587 1544 tamen

258 1583 418 1608 omnem
447 1583 557 1619 spem
586 1569 719 1608 salutis
746 1570 785 1608 in
811 1570 951 1609 virtute
975 1571 1189 1621 ponebant,
1212 1578 1250 1610 et
1270 1570 1453 1621 quotiens
1474 1583 1590 1620 quae-

258 1648 335 1684 que
352 1636 492 1673 cohors
509 1641 762 1684 procurrerat,
779 1635 830 1673 ab
847 1648 893 1673 ea
909 1642 1016 1685 parte
1034 1649 1198 1686 magnus
1214 1649 1400 1674 numerus
1415 1634 1589 1673 hostium

222 1716 240 1746 3
259 1700 435 1738 cadebat.
498 1700 589 1748 Qua
612 1713 652 1738 re
680 1699 962 1747 animadversa,
986 1700 1191 1740 Ambiorix
1214 1699 1457 1750 pronuntiari
1481 1698 1590 1738 iubet

259 1772 301 1803 ut
330 1766 465 1815 procul
493 1766 570 1803 tela
600 1764 769 1804 coician‘t
810 1779 886 1805 neu
926 1765 1086 1816 propius
1115 1767 1307 1805 accedant
1338 1773 1375 1804 et
1402 1778 1521 1816 quam
1549 1763 1589 1802 in

221 1849 240 1879 4
259 1837 408 1880 partem
431 1828 602 1868 Romani
625 1829 816 1880 impetum
838 1830 1000 1869 fecerint
1020 1831 1186 1870 cedant:
1216 1829 1372 1868 levitate
1391 1842 1588 1868 armorum

258 1902 296 1933 et
316 1894 515 1933 cotidiana
545 1894 822 1934 exercitatione
850 1895 946 1934 nihil
973 1894 1033 1934 his
1060 1894 1193 1934 noceri
1222 1908 1362 1945 posse:
1391 1907 1522 1933 rursus
1548 1907 1591 1933 se

257 1961 308 1998 ad
329 1959 439 2009 signa
459 1959 681 2010 recipientis
706 1960 971 2010 insequantur.

189 2028 240 2066 35
313 2026 407 2073 Quo
427 2032 637 2075 praecepto
658 2025 708 2063 ab
730 2025 785 2064 eis
806 2024 1103 2076 diligentissime
1123 2025 1341 2072 observato,
1364 2037 1455 2063 cum
1475 2037 1592 2074 quae-

259 2088 365 2139 piam
403 2090 545 2128 cohors
581 2103 627 2128 ex
662 2091 757 2129 orbe
797 2098 1014 2129 excesserat
1051 2098 1170 2141 atque
1202 2090 1394 2140 impetum
1434 2090 1588 2135 fecerat,

1611 869 1648 891 10

1610 1519 1648 1541 20

1610 1843 1648 1874 25

225 2168 239 2188 2
260 2155 393 2192 hostes
409 2154 655 2194 velocissime
678 2155 931 2205 refugiebant.
993 2155 1156 2194 Interim
1173 2168 1259 2193 eam
1280 2161 1430 2205 partem
1451 2152 1590 2192 nudari
1609 2167 1650 2199 30

222 2232 239 2262 3
261 2233 422 2258 necesse
451 2227 532 2258 erat
563 2227 601 2258 et
630 2220 680 2258 ab
712 2221 831 2259 latere
860 2227 995 2270 aperto
1024 2220 1101 2258 tela
1129 2219 1258 2269 recipi.
1319 2221 1470 2257 Rursus
1499 2231 1589 2256 cum

262 2284 301 2321 in
334 2299 424 2323 eum
458 2287 589 2324 locum
621 2286 728 2324 unde
755 2292 864 2324 erant
891 2283 1033 2335 egressi
1063 2284 1200 2324 reverti
1229 2291 1450 2335 coeperant,
1473 2290 1512 2321 et
1539 2283 1591 2320 ab

306 2398 324 2424 4
351 2388 460 2418 minus
478 2389 573 2419 facile
591 2388 716 2420 Aldus:
744 2390 852 2420 minus
870 2389 980 2420 facere
997 2400 1034 2421 a:
1077 2399 1144 2420 non
1163 2388 1259 2420 facile
1276 2390 1319 2423 B:
1345 2387 1457 2418 minus
1472 2385 1594 2426 Fugell

263 2440 282 2468 5
308 2432 527 2469 pronuntiare
539 2431 610 2462 aT:
630 2433 839 2472 pronuntiari
855 2431 889 2463 U
976 2442 1014 2462 12
1030 2442 1116 2472 quae
1127 2432 1160 2463 A
1176 2443 1183 2461 ε
1201 2441 1267 2471 que
1281 2430 1337 2461 M:
1355 2440 1509 2469 quaeque
1523 2428 1590 2464 B'ss

266 2474 305 2503 16
330 2476 549 2514 pronuntiare
567 2487 587 2505 α
603 2486 609 2504 t
635 2476 845 2514 pronuntiari
862 2477 884 2509 β
1054 2485 1092 2514 19
1117 2475 1228 2505 studio
1244 2474 1365 2505 Davies
