1768 2739
621 136 664 173 C.
700 135 814 172 IVLI
847 135 1115 173 CAESARIS

206 255 404 297 praeterea
427 246 638 285 multitudo
663 248 857 294 calonum,
883 261 1023 297 magna
1043 247 1099 285 vis
1130 246 1405 295 iumentorum,
1430 260 1532 298 quae

205 311 244 349 in
265 311 399 350 castris
420 312 688 358 subsederant,
713 313 813 350 facta
834 320 1026 361 potestate
1047 311 1232 362 sequitur.

134 385 185 424 37
259 378 351 415 Hoc
376 376 461 427 ipso
482 384 658 427 tempore
686 384 722 415 et
747 390 839 415 casu
868 376 1054 415 Germani
1082 377 1232 426 equites
1256 375 1530 425 interveniunt,

204 441 461 492 protinusque
491 443 633 481 eodem
666 442 731 480 illo
763 456 843 492 quo
876 450 1063 481 venerant
1093 456 1207 481 cursu
1233 443 1284 481 ab
1311 444 1533 482 decumana

167 524 182 545 2
204 514 315 556 porta
334 506 373 544 in
395 515 520 545 castra
539 507 751 557 irrumpere
776 515 992 555 conantur3
1021 522 1094 546 nec
1119 507 1223 557 prius
1251 515 1342 546 sunt
1361 507 1442 555 visi,
1466 508 1533 547 ob·
1553 515 1571 547 5

202 570 311 609 iectis
332 572 382 610 ab
399 585 444 610 ea
465 579 573 622 parte
589 571 704 618 silvis,
724 585 842 621 quam
863 572 996 610 castris
1013 572 1383 623 appropinquarent,
1407 586 1532 623 usque

203 649 250 673 eo
289 643 331 674 ut
363 635 429 685 qui
468 637 540 674 sub
581 637 682 673 vallo
717 636 924 675 tenderent
955 644 1189 675 mercatores
1228 636 1442 687 recipiendi
1473 637 1530 675 sui

146 710 183 739 “3
202 701 427 738 facultatem
459 713 539 738 non
570 700 770 738 haberent.
832 700 1090 750 Inopinantes
1110 700 1231 739 nostri
1255 715 1296 739 re
1322 715 1424 739 nova
1450 715 1532 751 per-

202 765 407 803 turbantur
436 779 481 803 ac
508 764 570 802 vix
600 764 769 815 primum
800 764 991 815 impetum
1021 767 1162 804 cohors
1191 765 1231 803 in
1261 766 1429 805 statione
1453 780 1532 805 sus-

163 842 182 872 4
202 828 308 867 tinet.
360 829 740 868 Circumfunduntur
760 844 806 868 ex
827 829 984 879 reliquis
1004 831 1136 868 hostes
1157 829 1341 880 partibus,
1361 830 1392 868 si
1413 844 1531 881 quem
1554 844 1592 866 10

165 905 181 936 5
201 893 351 931 aditum
377 893 543 943 reperire
570 902 741 944 possent.
803 896 929 944 Aegre
953 902 1083 944 portas
1111 894 1232 933 nostri
1260 902 1426 942 tuentur,
1451 894 1532 933 reli-

163 963 182 993 6
202 971 300 1007 quos
325 957 454 996 aditus
480 959 588 996 locus
619 957 703 1008 ipse
734 972 801 1008 per
828 972 869 997 se
900 958 1145 1010 munitioque
1172 960 1362 999 defendit.
1420 960 1532 998 Totis

201 1021 415 1071 trepidatur
463 1022 606 1069 castris,
649 1031 767 1072 atque
806 1023 903 1061 alius
943 1038 989 1062 ex
1027 1023 1104 1062 alio
1142 1037 1301 1062 causam
1341 1026 1531 1063 tumultus

201 1086 378 1136 quaerit,
409 1100 537 1137 neque
563 1101 642 1137 quo
668 1087 777 1137 signa
806 1089 978 1126 ferantur
1007 1102 1136 1138 neque
1164 1102 1283 1139 quam
1310 1088 1350 1127 in
1380 1096 1530 1139 partem

165 1163 179 1195 7
201 1150 367 1200 quisque
393 1151 601 1190 conveniat
632 1152 848 1202 provident.
910 1152 1021 1191 Alius
1048 1160 1173 1191 castra
1199 1153 1276 1192 iam
1303 1161 1417 1204 capta
1447 1168 1530 1204 pro·
1553 1171 1589 1204 15

201 1215 364 1263 nuntiat,
412 1215 510 1254 alius
550 1217 681 1255 deleto
721 1216 890 1255 exercitu
931 1225 1051 1268 atque
1090 1217 1323 1268 imperatore
1364 1218 1529 1257 victores

162 1287 180 1316 S
200 1280 385 1318 barbaros
420 1280 572 1319 venisse
607 1281 835 1329 contendit3
879 1282 1055 1332 plerique
1089 1296 1209 1321 novas
1244 1282 1318 1321 sibi
1357 1297 1403 1321 ex
1441 1284 1530 1321 loco

200 1344 405 1394 religiones
438 1346 599 1395 fingunt,
625 1347 848 1395 Cottaeque
882 1354 919 1384 et
941 1346 1066 1384 Tituri
1100 1346 1363 1385 calamitatem
1393 1347 1460 1396 qui
1490 1347 1529 1385 in

160 1428 180 1458 9
200 1410 343 1447 eodem
365 1409 580 1447 occiderint
602 1412 763 1448 castello
784 1418 875 1448 ante
896 1412 1032 1448 oculos
1053 1418 1216 1460 ponunt.
1281 1411 1369 1449 Tali
1390 1411 1529 1450 timore

200 1473 384 1512 omnibus
405 1474 624 1524 perterritis,
649 1476 902 1513 confirmatur
929 1475 1063 1525 opinio
1090 1475 1273 1523 barbaris,
1300 1483 1343 1514 ut
1369 1490 1415 1514 ex
1442 1490 1529 1527 cap-
1551 1487 1589 1508 20

143 1556 181 1577 10
200 1537 279 1576 tivo
306 1538 519 1585 audierant,
544 1540 695 1576 nullum
725 1552 810 1577 esse
837 1538 940 1577 intus
965 1539 1213 1590 praesidium.
1274 1542 1529 1592 Perrumpere

200 1603 377 1641 nituntur
410 1616 530 1653 seque
570 1603 643 1653 ipsi
684 1605 942 1643 adhortantur
980 1618 1030 1643 ne
1068 1612 1218 1643 tantam
1251 1606 1449 1645 fortunam
1483 1620 1530 1645 ex

200 1667 381 1706 manibus
414 1668 623 1706 dimittant.

128 1737 178 1783 38
254 1733 346 1770 Erat
367 1746 480 1782 aeger
500 1746 590 1771 cum
612 1732 807 1783 praesidio
838 1733 993 1772 relictus
1016 1736 1056 1773 P.
1081 1734 1234 1773 Sextius
1256 1736 1436 1783 Baculus,
1460 1735 1527 1786 qui

198 1796 366 1847 primum
412 1797 535 1848 pilum
575 1799 625 1836 ad
666 1799 875 1837 Caesarem
915 1800 1087 1846 duxerat,
1129 1799 1240 1838 cuius
1283 1800 1526 1839 mentionem
1549 1811 1585 1843 25

198 1862 462 1912 superioribus
492 1862 647 1912 proeliis
677 1863 851 1911 fecimus,
889 1877 934 1902 ac
968 1864 1074 1902 diem
1108 1863 1185 1902 iam
1215 1864 1397 1914 quintum
1436 1865 1526 1904 cibo

159 1939 173 1959 2
199 1934 382 1965 caruerat.
455 1926 535 1965 Hic
565 1927 713 1966 diffisus
744 1942 837 1966 suae
866 1936 985 1978 atque
1015 1929 1193 1968 omnium
1223 1929 1338 1968 saluti
1367 1929 1525 1968 inermis

198 2004 244 2029 ex
282 1991 536 2030 tabernaculo
575 1992 732 2042 prodit,
787 1992 893 2031 videt
931 1993 1137 2032 imminere
1175 1994 1297 2032 hostis
1328 2002 1447 2045 atque
1485 1994 1525 2032 in

197 2068 352 2094 summo
374 2070 458 2094 esse
488 2070 569 2094 rem
591 2056 841 2095 discrimine:
881 2058 985 2106 capit
1011 2072 1118 2096 arma
1144 2072 1167 2096 a
1193 2059 1377 2108 proximis
1406 2067 1524 2109 atque

161 2119 235 2157 sin
270 2128 381 2170 porta
414 2120 601 2159 consistit.
677 2122 986 2171 Consequuntur
1017 2124 1123 2161 hunc
1158 2123 1406 2162 centuriones
1440 2123 1523 2162 eius
1545 2133 1586 2165 30

197 2185 368 2223 cohortis
407 2199 507 2235 quae
546 2185 585 2222 in
631 2186 799 2224 statione
844 2193 947 2224 erat:
992 2187 1188 2238 paulisper
1220 2201 1299 2226 una
1332 2187 1523 2238 proelium

158 2249 399 2287 4sustinent.
476 2249 679 2299 Relinquit
718 2250 871 2288 animus
917 2250 1091 2290 Sextium
1134 2252 1314 2302 gravibus
1352 2252 1523 2302 acceptis

196 2314 443 2353 vulneribus:
474 2329 585 2365 aegre
613 2329 680 2365 per
708 2329 846 2354 manus
868 2322 1010 2355 tractus
1032 2324 1213 2355 servatur.
1274 2319 1367 2355 Hoc
1396 2317 1523 2367 spatio

197 2377 426 2428 interposito
472 2379 608 2428 reliqui
654 2393 738 2418 sese
784 2381 1018 2419 confirmant
1058 2388 1208 2420 tantum
1241 2389 1283 2420 ut
1321 2381 1360 2420 in
1400 2381 1523 2421 muni-
