1768 2739
423 117 497 155 DE
528 114 708 154 BELLO
738 114 984 153 GALLICO
1015 115 1117 152 LIB.
1150 113 1233 151 VII

168 228 419 279 pabulatione
458 226 655 266 interclusi
696 225 949 264 viderentur:
992 225 1044 262 ad
1086 225 1192 262 hunc
1233 222 1491 262 muniendum

167 293 295 332 omnis
322 307 346 332 a
373 290 686 342 Vercingetorige
712 297 906 329 evocatos.

224 359 313 395 Hac
337 371 377 395 re
406 355 571 406 cognita,
595 356 739 395 Caesar
770 353 888 392 mittit
907 353 1120 403 compluris
1142 353 1318 403 equitum
1346 361 1491 391 turmas
1510 357 1562 396 45

168 436 215 461 eo
245 423 294 460 de
326 420 454 459 media
487 428 612 458 nocte.
691 421 863 469 Imperat
896 418 956 457 his
990 426 1033 456 ut
1070 420 1188 468 paulo
1215 417 1491 456 tumultuosius

129 498 147 529 5
168 486 350 525 omnibus
371 485 464 523 locis
485 491 750 535 pervagentur.
811 482 941 521 Prima
961 484 1048 521 luce
1076 495 1262 531 magnum
1284 495 1489 520 numerum
1514 496 1528 516 2

167 550 537 600 impedimentorum
558 562 605 587 ex
631 547 764 586 castris
789 549 1065 597 mulorumque
1096 546 1262 596 produci
1282 547 1411 596 deque
1432 546 1491 584 his

167 622 376 652 stramenta
389 613 540 652 detrahi
554 612 828 662 mulionesque
841 626 932 650 cum
949 611 1167 650 cassidibus
1176 610 1353 661 equitum
1362 610 1491 661 specie

165 691 211 717 ac
231 677 477 716 simulatione
497 677 663 716 collibus
684 676 921 715 circumvehi
938 677 1056 715 iubet.
1118 675 1194 713 His
1216 689 1361 725 paucos
1382 675 1491 714 addit
1513 687 1529 717 3

165 743 314 793 equites
348 742 415 792 qui
443 742 557 780 latius
590 741 862 780 ostentationis
894 755 1011 779 causa
1040 748 1278 790 vagarentur.
1353 741 1490 789 Longo

108 818 148 840 10
166 806 327 845 circuitu
347 807 505 845 easdem
525 806 653 844 omnis
674 805 782 844 iubet
808 813 939 854 petere
964 804 1150 854 regiones.
1212 806 1326 842 Haec
1356 805 1490 854 procul
1510 814 1530 843 4

166 884 213 909 ex
227 870 374 920 oppido
387 870 629 916 videbantur,
644 877 687 908 ut
707 877 787 907 erat
807 883 831 907 a
854 868 1048 918 Gergovia
1063 870 1272 918 despectus
1293 868 1333 905 in
1353 876 1487 915 castra,

166 948 294 984 neque
341 941 449 972 tanto
493 933 618 984 spatio
662 932 757 971 certi
801 932 897 983 quid
946 940 1048 971 esset
1093 931 1282 982 explorari
1326 940 1487 981 poterat.

168 999 380 1049 Legionem
405 1011 524 1036 unam
555 999 697 1037 eodem
723 997 815 1047 iugo
848 997 966 1035 mittit
994 1005 1031 1035 et
1058 999 1219 1046 paulum
1247 1001 1528 1046 progressam'5

166 1063 344 1102 inferiore
368 1062 569 1102 constituit
594 1064 683 1102 loco
713 1062 896 1113 silvisque
927 1064 1108 1101 occultat.
1167 1064 1344 1112 Augetur
1370 1062 1491 1100 Gallis
1512 1067 1530 1098 6

110 1142 146 1173 15
166 1127 336 1177 suspicio
378 1136 495 1177 atque
532 1142 669 1166 omnes
704 1127 770 1166 illo
812 1129 863 1166 ad
901 1127 1162 1165 munitionem
1196 1126 1333 1176 copiae
1365 1128 1492 1165 tradu—

166 1200 314 1230 cuntur.
392 1193 528 1230 Vacua
560 1200 684 1230 castra
715 1192 886 1230 hostium
919 1192 1063 1232 Caesar
1087 1191 1346 1240 conspicatus,
1380 1191 1529 1231 tectis?

166 1255 382 1305 insignibus
424 1270 583 1295 suorum
628 1256 911 1306 occultatisque
952 1255 1070 1306 signis
1113 1255 1342 1293 militaribus
1387 1269 1491 1294 raros

167 1321 307 1359 milites
355 1320 421 1371 qui
465 1336 511 1360 ex
557 1321 708 1371 oppido
750 1321 1152 1359 animadverterentur
1192 1334 1237 1358 ex
1278 1320 1489 1358 maioribus

165 1385 296 1423 castris
318 1385 356 1423 in
382 1385 532 1424 minora
558 1385 724 1424 traducit
742 1400 751 1433 3
780 1385 1003 1435 legatisque,
1028 1398 1127 1434 quos
1153 1384 1312 1434 singulis
1334 1384 1490 1434 legioni·
1511 1392 1528 1421 S

109 1465 146 1486 20
165 1450 238 1488 bus
266 1451 512 1500 praefecerat,
535 1449 631 1500 quid
660 1449 741 1488 fieri
770 1450 861 1488 velit
888 1449 1082 1488 ostendit:
1123 1449 1162 1487 in
1191 1448 1324 1499 primis
1355 1458 1489 1488 monet

166 1523 207 1552 ut
236 1514 462 1553 contineant
487 1514 638 1561 milites,
666 1528 715 1553 ne
744 1514 875 1553 studio
905 1513 1106 1564 pugnandi
1132 1521 1199 1552 aut
1226 1527 1295 1563 spe
1322 1515 1489 1563 praedae

165 1578 317 1628 longius
351 1578 645 1628 progrediantur
662 1593 671 1626 ;
711 1578 806 1628 quid
845 1577 1027 1627 iniquitas
1062 1577 1137 1616 loci
1169 1578 1312 1616 habeat
1342 1578 1489 1617 incom-
1509 1592 1528 1622 9

167 1643 274 1682 modi
287 1643 494 1693 proponit:
524 1644 601 1681 hoc
622 1657 700 1681 una
719 1642 915 1681 celeritate
936 1656 1051 1692 posse
1073 1643 1214 1680 mutari
1232 1657 1241 1690 3
1271 1643 1489 1682 occasionis

165 1721 250 1745 esse
288 1721 380 1753 rem,
416 1720 497 1745 non
535 1706 667 1757 proeli.
742 1706 818 1744 His
857 1707 972 1745 rebus
1007 1706 1191 1756 expositis
1231 1706 1384 1756 signum
1423 1710 1490 1746 dat
1514 1725 1552 1746 10

109 1789 145 1819 ²5
165 1780 203 1811 et
232 1773 282 1811 ab
316 1773 450 1811 dextra
482 1780 590 1822 parte
623 1771 699 1810 alio
736 1785 902 1810 ascensu
941 1772 1082 1810 eodem
1117 1779 1293 1822 tempore
1328 1773 1490 1811 Aeduos

166 1837 292 1875 mittit.

219 1901 367 1951 Oppidi
406 1915 537 1939 murus
575 1903 625 1940 ab
663 1901 823 1952 planitie
861 1910 978 1951 atque
1015 1901 1126 1940 initio
1164 1915 1348 1940 ascensus
1386 1910 1491 1940 recta
1508 1896 1563 1943 46

165 1965 332 2014 regione,
369 1966 399 2003 si
438 1967 566 2003 nullus
597 1967 791 2004 anfractus
830 1965 1098 2012 intercederet,
1134 1965 1239 2003 mille
1273 1977 1321 2004 cc
1355 1979 1490 2016 passus

164 2030 296 2067 aberat
313 2045 319 2067 :
344 2030 537 2079 quidquid
557 2031 634 2068 huc
654 2029 836 2069 circuitus
855 2032 906 2069 ad
928 2030 1185 2069 molliendum
1206 2030 1349 2068 clivum
1365 2044 1491 2069 acces·
1511 2047 1524 2067 2

107 2112 146 2141 30
164 2103 274 2141 serat,
306 2094 346 2132 id
375 2094 543 2144 spatium
573 2094 719 2133 itineris
748 2096 924 2145 augebat.
986 2097 1022 2133 A
1052 2095 1184 2134 medio
1215 2097 1293 2133 fere
1322 2097 1421 2134 colle
1451 2096 1489 2133 in
1510 2109 1527 2138 3

207 2210 226 2237 4
251 2209 292 2228 eo
309 2199 350 2229 de
368 2197 432 2228 cod.
452 2198 571 2238 Scalz'g.
590 2209 596 2228 :
623 2198 743 2230 eodem
759 2201 782 2233 β
798 2210 805 2230 :
830 2198 878 2229 eis
900 2199 944 2229 d&
968 2211 987 2229 a
1065 2199 1118 2230 his
1135 2211 1200 2231 om.
1219 2212 1238 2230 α
1371 2210 1390 2239 5
1415 2210 1489 2239 per-

163 2248 329 2281 vagentur
359 2241 403 2272 T:
438 2246 640 2280 vagarentur
669 2254 689 2272 α
842 2244 864 2272 6
887 2243 1222 2284 impedimentorum]
1265 2243 1489 2274 iumentorum

166 2285 306 2316 Ciaccou.
440 2285 673 2324 mulorumque
691 2310 697 2316 .
718 2309 724 2315 .
746 2310 752 2316 .
769 2290 956 2316 stramenta
976 2297 1042 2317 om.
1068 2298 1088 2317 a
1221 2287 1330 2326 deque
1347 2287 1489 2318 Davies:

165 2339 274 2367 neque
289 2331 311 2363 β
426 2337 461 2367 15
486 2329 527 2359 ad
545 2329 765 2359 munitionem
785 2331 830 2364 β;
861 2330 1081 2360 munitionum
1102 2342 1121 2359 α
1238 2332 1276 2361 18
1299 2332 1356 2370 qui
1381 2341 1423 2361 a:
1448 2342 1489 2362 ne

163 2373 186 2406 β
304 2381 344 2411 23
369 2372 486 2403 mutari
512 2383 552 2402 a:
588 2373 684 2403 vitari
706 2374 729 2406 β
837 2384 878 2413 29
902 2374 965 2403 huc
991 2373 1211 2404 Vascosanus:
1240 2374 1316 2405 huic
1333 2373 1370 2404 X
