1768 2739
479 605 536 655 C.
594 604 747 654 IVLI
801 604 1176 656 CAESARIS

601 737 1056 768 COMMENTARIORVM

335 843 457 900 DE
519 843 836 902 BELLO
898 843 1323 903 GALLICO

598 987 769 1025 LIBER
799 988 1059 1036 QVARTVS

221 1109 283 1146 EA
312 1119 413 1158 quae
442 1113 575 1146 secuta
604 1114 662 1145 est
691 1107 830 1154 hieme,
860 1107 926 1158 qui
957 1106 1027 1146 fuit
1050 1121 1175 1146 annus
1200 1108 1272 1147 Cn.
1303 1107 1494 1157 Pompeio
1515 1119 1531 1145 1

169 1173 224 1210 M.
255 1172 396 1210 Crasso
427 1171 664 1218 consulibus,
697 1171 881 1222 Usipetes
907 1172 1091 1210 Germani
1122 1179 1160 1210 et
1189 1171 1283 1211 item
1311 1172 1493 1210 Tencteri

167 1249 307 1285 magna
333 1249 423 1274 cum
451 1235 701 1275 multitudine
728 1236 934 1274 hominum
962 1238 1108 1274 flumen
1131 1238 1317 1275 Rhenum
1340 1236 1495 1275 transie-

166 1307 254 1338 runt
281 1313 360 1338 non
390 1301 505 1349 longe
533 1313 556 1338 a
586 1300 680 1338 mari
713 1313 792 1350 quo
823 1302 987 1339 Rhenus
1018 1300 1153 1338 influit.
1215 1301 1344 1339 Causa
1378 1308 1495 1339 trans—
1516 1317 1530 1337 2

128 1375 145 1406 5
166 1363 285 1402 eundi
312 1364 383 1402 fuit
403 1365 511 1414 quod
536 1365 586 1403 ab
613 1364 752 1403 Suebis
783 1364 994 1414 compluris
1027 1378 1151 1403 annos
1183 1364 1363 1414 exagitati
1391 1365 1494 1404 bello

166 1429 442 1478 premebantur
461 1436 499 1467 et
519 1428 597 1478 agri
619 1431 769 1467 cultura
790 1429 1107 1479 prohibebantur.
1158 1430 1378 1468 Sueborum
1399 1443 1493 1479 gens
1515 1441 1532 1471 3

166 1500 223 1531 est
252 1494 366 1542 longe
396 1492 564 1532 maxima
593 1501 631 1532 et
662 1493 957 1533 bellicosissima
985 1495 1272 1533 Germanorum
1302 1494 1490 1533 omnium.

167 1557 223 1594 Hi
252 1564 411 1596 centum
441 1570 560 1607 pagos
595 1558 738 1596 habere
777 1558 971 1605 dicuntur,
1004 1572 1051 1597 ex
1084 1558 1226 1608 quibus
1256 1565 1352 1608 quot
1381 1558 1492 1597 annis
1511 1570 1529 1599 4

166 1621 315 1670 singula
335 1621 441 1660 milia
466 1629 703 1660 armatorum
728 1622 900 1662 bellandi
927 1635 1043 1661 causa
1069 1636 1116 1662 ex
1138 1622 1281 1662 finibus
1306 1624 1489 1661 educunt.

107 1700 147 1722 10
168 1685 325 1735 Reliqui
363 1685 430 1735 qui
468 1686 577 1724 domi
616 1694 841 1725 manserunt
891 1699 931 1725 se
982 1694 1101 1737 atque
1150 1687 1235 1725 illos
1273 1688 1405 1734 alunt3
1453 1687 1528 1729 hi5

165 1762 292 1787 rursus
313 1750 352 1787 in
372 1750 497 1789 vicem
517 1763 622 1789 anno
642 1758 730 1800 post
751 1751 789 1788 in
810 1750 925 1789 armis
950 1758 1049 1797 sunt,
1072 1750 1125 1788 illi
1147 1751 1255 1790 domi
1276 1759 1488 1789 remanent.

165 1813 227 1852 Sic
252 1827 380 1864 neque
408 1814 487 1864 agri
516 1816 666 1853 cultura
695 1828 768 1853 nec
797 1814 893 1853 ratio
922 1822 1041 1864 atque
1070 1828 1161 1853 usus
1185 1815 1276 1854 belli
1307 1815 1491 1854 intermit-
1511 1827 1530 1857 6

164 1877 264 1915 titur.
324 1879 402 1917 Sed
422 1878 558 1928 privati
584 1892 629 1917 ac
657 1878 820 1929 separati
841 1879 919 1928 agri
940 1880 1046 1929 apud
1067 1892 1133 1918 eos
1154 1879 1250 1917 nihil
1271 1887 1338 1927 est,
1362 1894 1491 1930 neque
1513 1893 1528 1926 7

164 1941 316 1991 longius
345 1955 449 1980 anno
478 1955 677 1981 remanere
710 1956 791 1981 uno
824 1942 863 1980 in
897 1944 986 1981 loco
1015 1943 1213 1983 incolendi
1242 1957 1359 1982 causa
1388 1944 1486 1983 licet.

107 2021 143 2053 15
166 2007 307 2056 Neque
327 2008 493 2044 multum
520 2008 716 2045 frumento
743 2008 813 2046 sed
840 2007 1048 2046 maximam
1076 2015 1225 2057 partem
1250 2009 1348 2046 lacte
1372 2016 1489 2058 atque
1509 2019 1527 2049 8

163 2084 305 2120 pecore
325 2071 469 2118 vivunt,
488 2072 734 2121 multumque
754 2078 843 2110 sunt
863 2071 902 2109 in
923 2071 1195 2111 venationibus
1212 2087 1222 2119 3
1251 2085 1352 2122 quae
1372 2086 1430 2110 res
1451 2080 1489 2111 et
1508 2087 1527 2118 9

163 2134 241 2173 cibi
261 2148 402 2184 genere
422 2142 460 2173 et
480 2135 676 2174 cotidiana
697 2135 971 2174 exercitatione
991 2143 1029 2175 et
1050 2136 1226 2175 libertate
1246 2136 1357 2183 vitae,
1381 2138 1489 2186 quod

162 2212 185 2237 a
211 2199 339 2250 pueris
363 2201 471 2238 nullo
495 2199 624 2238 officio
652 2207 718 2238 aut
747 2200 955 2251 disciplina
976 2200 1182 2239 assuefacti
1208 2200 1304 2239 nihil
1324 2200 1487 2240 omnino

163 2271 299 2302 contra
318 2265 558 2302 voluntatem
580 2263 733 2312 faciant,
756 2272 794 2303 et
814 2265 912 2304 vires
938 2265 1005 2303 alit
1033 2272 1070 2303 et
1095 2265 1256 2303 immani
1277 2279 1483 2316 corporum

106 2345 145 2367 20
164 2327 432 2377 magnitudine
466 2328 644 2367 homines
674 2329 799 2367 efficit.
859 2331 990 2379 Atque
1020 2329 1058 2367 in
1089 2343 1174 2368 eam
1207 2343 1248 2368 se
1281 2338 1486 2368 consuetu·
1508 2343 1545 2365 10

164 2392 298 2431 dinem
342 2393 588 2431 adduxerunt
633 2400 673 2431 ut
718 2393 812 2432 locis
856 2393 1108 2443 frigidissimis
1156 2407 1284 2444 neque
1326 2394 1485 2433 vestitus

212 2497 351 2518 CAESAR.
371 2496 438 2519 B.G.
1385 2491 1405 2520 5
