<?xml version="1.0" encoding="UTF-8"?>
<!DOCTYPE html PUBLIC "-//W3C//DTD XHTML 1.0 Transitional//EN"
    "http://www.w3.org/TR/xhtml1/DTD/xhtml1-transitional.dtd">
<html xmlns="http://www.w3.org/1999/xhtml" xml:lang="en" lang="en">
 <head>
  <title>
</title>
<meta http-equiv="Content-Type" content="text/html;charset=utf-8" />
  <meta name='ocr-system' content='tesseract 3.04.00' />
  <meta name='ocr-capabilities' content='ocr_page ocr_carea ocr_par ocr_line ocrx_word'/>
</head>
<body>
  <div class='ocr_page' id='page_1' title='image "./commentariorumpa01caesuoft_0226.png"; bbox 0 0 1768 2739; ppageno 0'>
   <div class='ocr_carea' id='block_1_1' title="bbox 793 130 1037 167">
    <p class='ocr_par' dir='ltr' id='par_1_1' title="bbox 793 130 1037 167">
     <span class='ocr_line' id='line_1_1' title="bbox 793 130 1037 167; baseline 0 -1"><span class='ocrx_word' id='word_1_1' title='bbox 793 131 836 167; x_wconf 67' lang='lat' dir='ltr'>A.</span> <span class='ocrx_word' id='word_1_2' title='bbox 873 130 1037 166; x_wconf 79' lang='lat' dir='ltr'>HIRTI</span> 
     </span>
    </p>
   </div>
   <div class='ocr_carea' id='block_1_2' title="bbox 216 239 1582 484">
    <p class='ocr_par' dir='ltr' id='par_1_2' title="bbox 216 239 1582 484">
     <span class='ocr_line' id='line_1_2' title="bbox 252 239 1579 290; baseline 0 -12"><span class='ocrx_word' id='word_1_3' title='bbox 252 247 358 289; x_wconf 80' lang='lat' dir='ltr'>geret</span> <span class='ocrx_word' id='word_1_4' title='bbox 388 242 519 290; x_wconf 85' lang='lat' dir='ltr'>fugato</span> <span class='ocrx_word' id='word_1_5' title='bbox 549 242 651 278; x_wconf 84' lang='lat' dir='ltr'>duce</span> <span class='ocrx_word' id='word_1_6' title='bbox 677 242 798 278; x_wconf 88' lang='lat' dir='ltr'>altero</span> <span class='ocrx_word' id='word_1_7' title='bbox 826 240 1047 290; x_wconf 79' lang='lat' dir='ltr'>perterritos</span> <span class='ocrx_word' id='word_1_8' title='bbox 1076 240 1244 290; x_wconf 80' lang='lat' dir='ltr'>reliquos</span> <span class='ocrx_word' id='word_1_9' title='bbox 1272 240 1383 278; x_wconf 87' lang='lat' dir='ltr'>facile</span> <span class='ocrx_word' id='word_1_10' title='bbox 1413 239 1579 290; x_wconf 82' lang='lat' dir='ltr'>opprimi</span> 
     </span>
     <span class='ocr_line' id='line_1_3' title="bbox 254 304 1580 354; baseline 0.002 -13"><span class='ocrx_word' id='word_1_11' title='bbox 254 318 378 353; x_wconf 78' lang='lat' dir='ltr'>posse,</span> <span class='ocrx_word' id='word_1_12' title='bbox 398 318 562 354; x_wconf 86' lang='lat' dir='ltr'>magnae</span> <span class='ocrx_word' id='word_1_13' title='bbox 583 304 775 343; x_wconf 75' lang='lat' dir='ltr'>felicitatis</span> <span class='ocrx_word' id='word_1_14' title='bbox 793 319 877 344; x_wconf 85' lang='lat' dir='ltr'>esse</span> <span class='ocrx_word' id='word_1_15' title='bbox 897 305 1156 343; x_wconf 76' lang='lat' dir='ltr'>arbitrabatur</span> <span class='ocrx_word' id='word_1_16' title='bbox 1172 305 1371 343; x_wconf 82' lang='lat' dir='ltr'>neminem</span> <span class='ocrx_word' id='word_1_17' title='bbox 1393 320 1439 343; x_wconf 86' lang='lat' dir='ltr'>ex</span> <span class='ocrx_word' id='word_1_18' title='bbox 1459 306 1580 344; x_wconf 85' lang='lat' dir='ltr'>caede</span> 
     </span>
     <span class='ocr_line' id='line_1_4' title="bbox 253 368 1582 420; baseline 0.002 -15"><span class='ocrx_word' id='word_1_19' title='bbox 253 368 438 418; x_wconf 79' lang='lat' dir='ltr'>refugisse</span> <span class='ocrx_word' id='word_1_20' title='bbox 458 368 497 406; x_wconf 88' lang='lat' dir='ltr'>in</span> <span class='ocrx_word' id='word_1_21' title='bbox 519 377 643 408; x_wconf 86' lang='lat' dir='ltr'>castra</span> <span class='ocrx_word' id='word_1_22' title='bbox 664 369 729 419; x_wconf 90' lang='lat' dir='ltr'>qui</span> <span class='ocrx_word' id='word_1_23' title='bbox 752 371 801 408; x_wconf 89' lang='lat' dir='ltr'>de</span> <span class='ocrx_word' id='word_1_24' title='bbox 821 378 983 420; x_wconf 87' lang='lat' dir='ltr'>accepta</span> <span class='ocrx_word' id='word_1_25' title='bbox 1010 369 1229 407; x_wconf 70' lang='lat' dir='ltr'>calamitate</span> <span class='ocrx_word' id='word_1_26' title='bbox 1256 368 1439 407; x_wconf 89' lang='lat' dir='ltr'>nuntium</span> <span class='ocrx_word' id='word_1_27' title='bbox 1462 372 1582 419; x_wconf 87' lang='lat' dir='ltr'>Drap-</span> 
     </span>
     <span class='ocr_line' id='line_1_5' title="bbox 216 432 1581 484; baseline 0.001 -15"><span class='ocrx_word' id='word_1_28' title='bbox 216 447 234 478; x_wconf 85' lang='lat'>3</span> <span class='ocrx_word' id='word_1_29' title='bbox 252 432 331 482; x_wconf 83' lang='lat' dir='ltr'>peti</span> <span class='ocrx_word' id='word_1_30' title='bbox 366 435 559 482; x_wconf 88' lang='lat' dir='ltr'>perferret.</span> <span class='ocrx_word' id='word_1_31' title='bbox 619 435 698 472; x_wconf 87' lang='lat' dir='ltr'>Sed</span> <span class='ocrx_word' id='word_1_32' title='bbox 728 433 767 471; x_wconf 90' lang='lat' dir='ltr'>in</span> <span class='ocrx_word' id='word_1_33' title='bbox 798 434 1034 484; x_wconf 85' lang='lat' dir='ltr'>experiendo</span> <span class='ocrx_word' id='word_1_34' title='bbox 1064 448 1154 472; x_wconf 90' lang='lat' dir='ltr'>cum</span> <span class='ocrx_word' id='word_1_35' title='bbox 1184 434 1401 484; x_wconf 90' lang='lat' dir='ltr'>periculum</span> <span class='ocrx_word' id='word_1_36' title='bbox 1430 435 1581 472; x_wconf 89' lang='lat' dir='ltr'>nullum</span> 
     </span>
    </p>
   </div>
   <div class='ocr_carea' id='block_1_3' title="bbox 251 497 1619 549">
    <p class='ocr_par' dir='ltr' id='par_1_3' title="bbox 251 497 1619 549">
     <span class='ocr_line' id='line_1_6' title="bbox 251 497 1619 549; baseline 0.001 -14"><span class='ocrx_word' id='word_1_37' title='bbox 251 497 409 545; x_wconf 87' lang='lat' dir='ltr'>videret,</span> <span class='ocrx_word' id='word_1_38' title='bbox 445 498 661 548; x_wconf 79' lang='lat' dir='ltr'>equitatum</span> <span class='ocrx_word' id='word_1_39' title='bbox 692 512 851 537; x_wconf 86' lang='lat' dir='ltr'>omnem</span> <span class='ocrx_word' id='word_1_40' title='bbox 883 500 1181 548; x_wconf 82' lang='lat' dir='ltr'>Germanosque</span> <span class='ocrx_word' id='word_1_41' title='bbox 1210 498 1372 549; x_wconf 81' lang='lat' dir='ltr'>pediteS‚</span> <span class='ocrx_word' id='word_1_42' title='bbox 1405 512 1582 537; x_wconf 89' lang='lat' dir='ltr'>summae</span> <span class='ocrx_word' id='word_1_43' title='bbox 1602 512 1619 543; x_wconf 86' lang='lat'>5</span> 
     </span>
    </p>
   </div>
   <div class='ocr_carea' id='block_1_4' title="bbox 175 561 1583 1654">
    <p class='ocr_par' dir='ltr' id='par_1_4' title="bbox 175 561 1583 1654">
     <span class='ocr_line' id='line_1_7' title="bbox 252 561 1583 613; baseline 0.002 -13"><span class='ocrx_word' id='word_1_44' title='bbox 252 561 466 601; x_wconf 85' lang='lat' dir='ltr'>velocitatis</span> <span class='ocrx_word' id='word_1_45' title='bbox 513 562 702 610; x_wconf 88' lang='lat' dir='ltr'>homines,</span> <span class='ocrx_word' id='word_1_46' title='bbox 745 564 796 602; x_wconf 89' lang='lat' dir='ltr'>ad</span> <span class='ocrx_word' id='word_1_47' title='bbox 833 571 957 601; x_wconf 88' lang='lat' dir='ltr'>castra</span> <span class='ocrx_word' id='word_1_48' title='bbox 1002 563 1173 601; x_wconf 86' lang='lat' dir='ltr'>hostium</span> <span class='ocrx_word' id='word_1_49' title='bbox 1215 562 1452 613; x_wconf 80' lang='lat' dir='ltr'>praemittit3</span> <span class='ocrx_word' id='word_1_50' title='bbox 1499 563 1583 613; x_wconf 85' lang='lat' dir='ltr'>ipse</span> 
     </span>
     <span class='ocr_line' id='line_1_8' title="bbox 252 626 1581 677; baseline 0.002 -13"><span class='ocrx_word' id='word_1_51' title='bbox 252 626 447 677; x_wconf 84' lang='lat' dir='ltr'>legionem</span> <span class='ocrx_word' id='word_1_52' title='bbox 486 641 605 665; x_wconf 88' lang='lat' dir='ltr'>unam</span> <span class='ocrx_word' id='word_1_53' title='bbox 635 627 675 666; x_wconf 88' lang='lat' dir='ltr'>in</span> <span class='ocrx_word' id='word_1_54' title='bbox 709 627 809 666; x_wconf 86' lang='lat' dir='ltr'>trina</span> <span class='ocrx_word' id='word_1_55' title='bbox 847 635 971 666; x_wconf 83' lang='lat' dir='ltr'>castra</span> <span class='ocrx_word' id='word_1_56' title='bbox 1010 627 1215 675; x_wconf 84' lang='lat' dir='ltr'>distribuit,</span> <span class='ocrx_word' id='word_1_57' title='bbox 1247 629 1407 666; x_wconf 86' lang='lat' dir='ltr'>alteram</span> <span class='ocrx_word' id='word_1_58' title='bbox 1446 641 1581 666; x_wconf 88' lang='lat' dir='ltr'>secum</span> 
     </span>
     <span class='ocr_line' id='line_1_9' title="bbox 213 691 1582 743; baseline -0.001 -11"><span class='ocrx_word' id='word_1_59' title='bbox 213 703 233 732; x_wconf 84' lang='lat'>4</span> <span class='ocrx_word' id='word_1_60' title='bbox 253 691 473 741; x_wconf 81' lang='lat' dir='ltr'>expeditam</span> <span class='ocrx_word' id='word_1_61' title='bbox 522 692 641 730; x_wconf 89' lang='lat' dir='ltr'>ducit.</span> <span class='ocrx_word' id='word_1_62' title='bbox 720 694 823 732; x_wconf 91' lang='lat' dir='ltr'>Cum</span> <span class='ocrx_word' id='word_1_63' title='bbox 876 691 1034 743; x_wconf 90' lang='lat' dir='ltr'>propius</span> <span class='ocrx_word' id='word_1_64' title='bbox 1082 692 1205 730; x_wconf 90' lang='lat' dir='ltr'>hostis</span> <span class='ocrx_word' id='word_1_65' title='bbox 1252 692 1488 739; x_wconf 78' lang='lat' dir='ltr'>accessisset,</span> <span class='ocrx_word' id='word_1_66' title='bbox 1531 693 1582 730; x_wconf 87' lang='lat' dir='ltr'>ab</span> 
     </span>
     <span class='ocr_line' id='line_1_10' title="bbox 251 756 1581 808; baseline 0.002 -15"><span class='ocrx_word' id='word_1_67' title='bbox 251 756 559 806; x_wconf 79' lang='lat' dir='ltr'>exploratoribus</span> <span class='ocrx_word' id='word_1_68' title='bbox 591 771 689 808; x_wconf 89' lang='lat' dir='ltr'>quos</span> <span class='ocrx_word' id='word_1_69' title='bbox 717 757 967 808; x_wconf 78' lang='lat' dir='ltr'>praemiserat</span> <span class='ocrx_word' id='word_1_70' title='bbox 992 758 1194 808; x_wconf 84' lang='lat' dir='ltr'>cognoscit</span> <span class='ocrx_word' id='word_1_71' title='bbox 1221 765 1345 796; x_wconf 88' lang='lat' dir='ltr'>castra</span> <span class='ocrx_word' id='word_1_72' title='bbox 1369 771 1516 804; x_wconf 87' lang='lat' dir='ltr'>eorum,</span> <span class='ocrx_word' id='word_1_73' title='bbox 1540 766 1581 796; x_wconf 85' lang='lat' dir='ltr'>ut</span> 
     </span>
     <span class='ocr_line' id='line_1_11' title="bbox 251 821 1580 873; baseline 0.002 -14"><span class='ocrx_word' id='word_1_74' title='bbox 251 821 504 860; x_wconf 87' lang='lat' dir='ltr'>barbarorum</span> <span class='ocrx_word' id='word_1_75' title='bbox 533 824 613 861; x_wconf 90' lang='lat' dir='ltr'>fere</span> <span class='ocrx_word' id='word_1_76' title='bbox 642 824 890 861; x_wconf 84' lang='lat' dir='ltr'>consuetudo</span> <span class='ocrx_word' id='word_1_77' title='bbox 919 831 987 870; x_wconf 89' lang='lat' dir='ltr'>est,</span> <span class='ocrx_word' id='word_1_78' title='bbox 1019 823 1162 861; x_wconf 90' lang='lat' dir='ltr'>relictis</span> <span class='ocrx_word' id='word_1_79' title='bbox 1191 823 1287 861; x_wconf 86' lang='lat' dir='ltr'>locis</span> <span class='ocrx_word' id='word_1_80' title='bbox 1316 822 1580 873; x_wconf 87' lang='lat' dir='ltr'>superioribus</span> 
     </span>
     <span class='ocr_line' id='line_1_12' title="bbox 249 886 1580 938; baseline 0.001 -14"><span class='ocrx_word' id='word_1_81' title='bbox 249 887 300 925; x_wconf 85' lang='lat' dir='ltr'>ad</span> <span class='ocrx_word' id='word_1_82' title='bbox 334 886 435 937; x_wconf 86' lang='lat' dir='ltr'>ripas</span> <span class='ocrx_word' id='word_1_83' title='bbox 471 901 555 926; x_wconf 91' lang='lat' dir='ltr'>esse</span> <span class='ocrx_word' id='word_1_84' title='bbox 590 887 761 926; x_wconf 87' lang='lat' dir='ltr'>fluminis</span> <span class='ocrx_word' id='word_1_85' title='bbox 796 888 975 936; x_wconf 88' lang='lat' dir='ltr'>demissa,</span> <span class='ocrx_word' id='word_1_86' title='bbox 1012 896 1052 927; x_wconf 88' lang='lat' dir='ltr'>at</span> <span class='ocrx_word' id='word_1_87' title='bbox 1091 890 1311 927; x_wconf 87' lang='lat' dir='ltr'>Germanos</span> <span class='ocrx_word' id='word_1_88' title='bbox 1349 887 1580 938; x_wconf 83' lang='lat' dir='ltr'>equitesque</span> 
     </span>
     <span class='ocr_line' id='line_1_13' title="bbox 249 950 1580 1004; baseline 0.002 -16"><span class='ocrx_word' id='word_1_89' title='bbox 249 950 565 1001; x_wconf 87' lang='lat' dir='ltr'>imprudentibus</span> <span class='ocrx_word' id='word_1_90' title='bbox 583 952 767 991; x_wconf 91' lang='lat' dir='ltr'>omnibus</span> <span class='ocrx_word' id='word_1_91' title='bbox 783 954 834 992; x_wconf 90' lang='lat' dir='ltr'>de</span> <span class='ocrx_word' id='word_1_92' title='bbox 855 953 1067 1004; x_wconf 88' lang='lat' dir='ltr'>improviso</span> <span class='ocrx_word' id='word_1_93' title='bbox 1087 954 1291 992; x_wconf 80' lang='lat' dir='ltr'>advolasse</span> <span class='ocrx_word' id='word_1_94' title='bbox 1307 952 1580 1003; x_wconf 89' lang='lat' dir='ltr'>proeliumque</span> 
     </span>
     <span class='ocr_line' id='line_1_14' title="bbox 211 1016 1580 1069; baseline 0.001 -15"><span class='ocrx_word' id='word_1_95' title='bbox 211 1030 228 1061; x_wconf 86' lang='lat'>5</span> <span class='ocrx_word' id='word_1_96' title='bbox 249 1016 502 1056; x_wconf 81' lang='lat' dir='ltr'>commisisse.</span> <span class='ocrx_word' id='word_1_97' title='bbox 564 1018 655 1066; x_wconf 87' lang='lat' dir='ltr'>Qua</span> <span class='ocrx_word' id='word_1_98' title='bbox 675 1032 715 1056; x_wconf 89' lang='lat' dir='ltr'>re</span> <span class='ocrx_word' id='word_1_99' title='bbox 735 1018 892 1069; x_wconf 83' lang='lat' dir='ltr'>cognita</span> <span class='ocrx_word' id='word_1_100' title='bbox 912 1018 1107 1069; x_wconf 83' lang='lat' dir='ltr'>legionem</span> <span class='ocrx_word' id='word_1_101' title='bbox 1127 1026 1317 1057; x_wconf 84' lang='lat' dir='ltr'>armatam</span> <span class='ocrx_word' id='word_1_102' title='bbox 1338 1018 1580 1056; x_wconf 87' lang='lat' dir='ltr'>instructam-</span> 
     </span>
     <span class='ocr_line' id='line_1_15' title="bbox 249 1082 1580 1134; baseline 0.001 -15"><span class='ocrx_word' id='word_1_103' title='bbox 249 1095 325 1131; x_wconf 91' lang='lat' dir='ltr'>que</span> <span class='ocrx_word' id='word_1_104' title='bbox 351 1082 523 1120; x_wconf 89' lang='lat' dir='ltr'>adducit.</span> <span class='ocrx_word' id='word_1_105' title='bbox 586 1084 646 1121; x_wconf 89' lang='lat' dir='ltr'>Ita</span> <span class='ocrx_word' id='word_1_106' title='bbox 673 1091 833 1133; x_wconf 86' lang='lat' dir='ltr'>repente</span> <span class='ocrx_word' id='word_1_107' title='bbox 860 1084 1045 1122; x_wconf 89' lang='lat' dir='ltr'>omnibus</span> <span class='ocrx_word' id='word_1_108' title='bbox 1072 1098 1119 1122; x_wconf 81' lang='lat' dir='ltr'>ex</span> <span class='ocrx_word' id='word_1_109' title='bbox 1147 1083 1321 1134; x_wconf 89' lang='lat' dir='ltr'>partibus</span> <span class='ocrx_word' id='word_1_110' title='bbox 1348 1082 1459 1132; x_wconf 86' lang='lat' dir='ltr'>signo</span> <span class='ocrx_word' id='word_1_111' title='bbox 1485 1083 1580 1122; x_wconf 86' lang='lat' dir='ltr'>dato</span> 
     </span>
     <span class='ocr_line' id='line_1_16' title="bbox 248 1147 1580 1199; baseline 0.002 -15"><span class='ocrx_word' id='word_1_112' title='bbox 248 1147 335 1184; x_wconf 82' lang='lat' dir='ltr'>loca</span> <span class='ocrx_word' id='word_1_113' title='bbox 348 1147 546 1197; x_wconf 87' lang='lat' dir='ltr'>superiora</span> <span class='ocrx_word' id='word_1_114' title='bbox 560 1147 776 1198; x_wconf 85' lang='lat' dir='ltr'>capiuntur.</span> <span class='ocrx_word' id='word_1_115' title='bbox 819 1150 942 1197; x_wconf 83' lang='lat' dir='ltr'>Quod</span> <span class='ocrx_word' id='word_1_116' title='bbox 958 1149 1024 1187; x_wconf 92' lang='lat' dir='ltr'>ubi</span> <span class='ocrx_word' id='word_1_117' title='bbox 1038 1148 1191 1196; x_wconf 89' lang='lat' dir='ltr'>accidit,</span> <span class='ocrx_word' id='word_1_118' title='bbox 1212 1147 1398 1188; x_wconf 88' lang='lat' dir='ltr'>Germani</span> <span class='ocrx_word' id='word_1_119' title='bbox 1414 1147 1580 1199; x_wconf 91' lang='lat' dir='ltr'>equites-</span> 
     </span>
     <span class='ocr_line' id='line_1_17' title="bbox 210 1211 1579 1265; baseline 0.001 -16"><span class='ocrx_word' id='word_1_120' title='bbox 210 1218 229 1250; x_wconf 86' lang='lat'>6</span> <span class='ocrx_word' id='word_1_121' title='bbox 249 1224 325 1261; x_wconf 91' lang='lat' dir='ltr'>que</span> <span class='ocrx_word' id='word_1_122' title='bbox 350 1211 467 1262; x_wconf 85' lang='lat' dir='ltr'>signis</span> <span class='ocrx_word' id='word_1_123' title='bbox 498 1212 660 1263; x_wconf 84' lang='lat' dir='ltr'>legionis</span> <span class='ocrx_word' id='word_1_124' title='bbox 688 1213 778 1252; x_wconf 89' lang='lat' dir='ltr'>visis</span> <span class='ocrx_word' id='word_1_125' title='bbox 805 1214 1149 1253; x_wconf 85' lang='lat' dir='ltr'>vehementissime</span> <span class='ocrx_word' id='word_1_126' title='bbox 1169 1214 1416 1265; x_wconf 87' lang='lat' dir='ltr'>proeliantur.</span> <span class='ocrx_word' id='word_1_127' title='bbox 1476 1214 1579 1253; x_wconf 93' lang='lat' dir='ltr'>Con-</span> 
     </span>
     <span class='ocr_line' id='line_1_18' title="bbox 247 1275 1579 1329; baseline 0.002 -16"><span class='ocrx_word' id='word_1_128' title='bbox 247 1275 374 1314; x_wconf 86' lang='lat' dir='ltr'>festim</span> <span class='ocrx_word' id='word_1_129' title='bbox 402 1278 583 1316; x_wconf 85' lang='lat' dir='ltr'>cohortes</span> <span class='ocrx_word' id='word_1_130' title='bbox 613 1278 790 1328; x_wconf 90' lang='lat' dir='ltr'>undique</span> <span class='ocrx_word' id='word_1_131' title='bbox 819 1278 1011 1329; x_wconf 87' lang='lat' dir='ltr'>impetum</span> <span class='ocrx_word' id='word_1_132' title='bbox 1042 1279 1190 1317; x_wconf 88' lang='lat' dir='ltr'>faciunt</span> <span class='ocrx_word' id='word_1_133' title='bbox 1219 1278 1484 1329; x_wconf 90' lang='lat' dir='ltr'>omnibusque</span> <span class='ocrx_word' id='word_1_134' title='bbox 1512 1286 1579 1317; x_wconf 91' lang='lat' dir='ltr'>aut</span> 
     </span>
     <span class='ocr_line' id='line_1_19' title="bbox 246 1340 1578 1395; baseline 0.002 -17"><span class='ocrx_word' id='word_1_135' title='bbox 246 1340 457 1380; x_wconf 87' lang='lat' dir='ltr'>interfectis</span> <span class='ocrx_word' id='word_1_136' title='bbox 478 1350 544 1381; x_wconf 91' lang='lat' dir='ltr'>aut</span> <span class='ocrx_word' id='word_1_137' title='bbox 565 1343 688 1393; x_wconf 87' lang='lat' dir='ltr'>captis</span> <span class='ocrx_word' id='word_1_138' title='bbox 710 1357 851 1394; x_wconf 84' lang='lat' dir='ltr'>magna</span> <span class='ocrx_word' id='word_1_139' title='bbox 872 1346 1017 1395; x_wconf 87' lang='lat' dir='ltr'>praeda</span> <span class='ocrx_word' id='word_1_140' title='bbox 1038 1345 1249 1395; x_wconf 90' lang='lat' dir='ltr'>potiuntur.</span> <span class='ocrx_word' id='word_1_141' title='bbox 1312 1343 1476 1394; x_wconf 86' lang='lat' dir='ltr'>Capitur</span> <span class='ocrx_word' id='word_1_142' title='bbox 1495 1343 1578 1394; x_wconf 89' lang='lat' dir='ltr'>ipse</span> 
     </span>
     <span class='ocr_line' id='line_1_20' title="bbox 246 1406 675 1458; baseline 0.007 -15"><span class='ocrx_word' id='word_1_143' title='bbox 246 1419 294 1444; x_wconf 91' lang='lat' dir='ltr'>eo</span> <span class='ocrx_word' id='word_1_144' title='bbox 315 1406 464 1456; x_wconf 88' lang='lat' dir='ltr'>proelio</span> <span class='ocrx_word' id='word_1_145' title='bbox 488 1410 675 1458; x_wconf 87' lang='lat' dir='ltr'>Drappes.</span> 
     </span>
     <span class='ocr_line' id='line_1_21' title="bbox 175 1471 1576 1524; baseline 0.004 -17"><span class='ocrx_word' id='word_1_146' title='bbox 175 1478 225 1518; x_wconf 91' lang='lat'>37</span> <span class='ocrx_word' id='word_1_147' title='bbox 300 1471 488 1509; x_wconf 88' lang='lat' dir='ltr'>Caninius</span> <span class='ocrx_word' id='word_1_148' title='bbox 509 1472 731 1512; x_wconf 87' lang='lat' dir='ltr'>felicissime</span> <span class='ocrx_word' id='word_1_149' title='bbox 748 1487 787 1512; x_wconf 95' lang='lat' dir='ltr'>re</span> <span class='ocrx_word' id='word_1_150' title='bbox 800 1482 907 1523; x_wconf 79' lang='lat' dir='ltr'>gesta</span> <span class='ocrx_word' id='word_1_151' title='bbox 924 1474 1007 1513; x_wconf 90' lang='lat' dir='ltr'>sine</span> <span class='ocrx_word' id='word_1_152' title='bbox 1024 1476 1103 1512; x_wconf 89' lang='lat' dir='ltr'>ullo</span> <span class='ocrx_word' id='word_1_153' title='bbox 1119 1488 1244 1524; x_wconf 85' lang='lat' dir='ltr'>paene</span> <span class='ocrx_word' id='word_1_154' title='bbox 1266 1474 1397 1512; x_wconf 90' lang='lat' dir='ltr'>militis</span> <span class='ocrx_word' id='word_1_155' title='bbox 1417 1476 1576 1512; x_wconf 89' lang='lat' dir='ltr'>vulnere</span> 
     </span>
     <span class='ocr_line' id='line_1_22' title="bbox 208 1535 1573 1588; baseline 0.003 -16"><span class='ocrx_word' id='word_1_156' title='bbox 208 1553 223 1573; x_wconf 89' lang='lat'><strong>2</strong></span> <span class='ocrx_word' id='word_1_157' title='bbox 243 1536 294 1573; x_wconf 90' lang='lat' dir='ltr'>ad</span> <span class='ocrx_word' id='word_1_158' title='bbox 315 1535 557 1575; x_wconf 89' lang='lat' dir='ltr'>obsidendos</span> <span class='ocrx_word' id='word_1_159' title='bbox 579 1537 800 1587; x_wconf 89' lang='lat' dir='ltr'>oppidanos</span> <span class='ocrx_word' id='word_1_160' title='bbox 817 1539 1018 1577; x_wconf 86' lang='lat' dir='ltr'>revertitur</span> <span class='ocrx_word' id='word_1_161' title='bbox 1039 1548 1279 1588; x_wconf 77' lang='lat' dir='ltr'>externoque</span> <span class='ocrx_word' id='word_1_162' title='bbox 1299 1540 1411 1577; x_wconf 86' lang='lat' dir='ltr'>hoste</span> <span class='ocrx_word' id='word_1_163' title='bbox 1431 1540 1573 1585; x_wconf 82' lang='lat' dir='ltr'>deleto,</span> 
     </span>
     <span class='ocr_line' id='line_1_23' title="bbox 244 1599 1576 1654; baseline 0.004 -18"><span class='ocrx_word' id='word_1_164' title='bbox 244 1599 353 1638; x_wconf 89' lang='lat' dir='ltr'>cuius</span> <span class='ocrx_word' id='word_1_165' title='bbox 370 1600 508 1639; x_wconf 89' lang='lat' dir='ltr'>timore</span> <span class='ocrx_word' id='word_1_166' title='bbox 521 1609 636 1640; x_wconf 87' lang='lat' dir='ltr'>antea</span> <span class='ocrx_word' id='word_1_167' title='bbox 652 1602 826 1641; x_wconf 89' lang='lat' dir='ltr'>dividere</span> <span class='ocrx_word' id='word_1_168' title='bbox 847 1603 1039 1654; x_wconf 87' lang='lat' dir='ltr'>praesidia</span> <span class='ocrx_word' id='word_1_169' title='bbox 1059 1611 1097 1642; x_wconf 88' lang='lat' dir='ltr'>et</span> <span class='ocrx_word' id='word_1_170' title='bbox 1118 1603 1336 1641; x_wconf 90' lang='lat' dir='ltr'>munitione</span> <span class='ocrx_word' id='word_1_171' title='bbox 1357 1602 1576 1653; x_wconf 84' lang='lat' dir='ltr'>oppidanos</span> 
     </span>
    </p>
   </div>
   <div class='ocr_carea' id='block_1_5' title="bbox 1604 835 1642 856">
    <p class='ocr_par' dir='ltr' id='par_1_5' title="bbox 1604 835 1642 856">
     <span class='ocr_line' id='line_1_24' title="bbox 1604 835 1642 856; baseline 0 0"><span class='ocrx_word' id='word_1_172' title='bbox 1604 835 1642 856; x_wconf 93' lang='lat'>10</span> 
     </span>
    </p>
   </div>
   <div class='ocr_carea' id='block_1_6' title="bbox 1602 1162 1638 1196">
    <p class='ocr_par' dir='ltr' id='par_1_6' title="bbox 1602 1162 1638 1196">
     <span class='ocr_line' id='line_1_25' title="bbox 1602 1162 1638 1196; baseline 0 0"><span class='ocrx_word' id='word_1_173' title='bbox 1602 1162 1638 1196; x_wconf 81' lang='lat'>15</span> 
     </span>
    </p>
   </div>
   <div class='ocr_carea' id='block_1_7' title="bbox 1599 1485 1636 1505">
    <p class='ocr_par' dir='ltr' id='par_1_7' title="bbox 1599 1485 1636 1505">
     <span class='ocr_line' id='line_1_26' title="bbox 1599 1485 1636 1505; baseline 0 0"><span class='ocrx_word' id='word_1_174' title='bbox 1599 1485 1636 1505; x_wconf 84' lang='lat'>20</span> 
     </span>
    </p>
   </div>
   <div class='ocr_carea' id='block_1_8' title="bbox 244 1663 1625 1718">
    <p class='ocr_par' dir='ltr' id='par_1_8' title="bbox 244 1663 1625 1718">
     <span class='ocr_line' id='line_1_27' title="bbox 244 1663 1625 1718; baseline 0.003 -17"><span class='ocrx_word' id='word_1_175' title='bbox 244 1663 485 1704; x_wconf 86' lang='lat' dir='ltr'>circumdare</span> <span class='ocrx_word' id='word_1_176' title='bbox 515 1667 735 1716; x_wconf 88' lang='lat' dir='ltr'>prohibitus</span> <span class='ocrx_word' id='word_1_177' title='bbox 761 1676 853 1715; x_wconf 90' lang='lat' dir='ltr'>erat,</span> <span class='ocrx_word' id='word_1_178' title='bbox 877 1682 996 1718; x_wconf 85' lang='lat' dir='ltr'>opera</span> <span class='ocrx_word' id='word_1_179' title='bbox 1027 1668 1203 1718; x_wconf 90' lang='lat' dir='ltr'>undique</span> <span class='ocrx_word' id='word_1_180' title='bbox 1230 1668 1394 1718; x_wconf 87' lang='lat' dir='ltr'>imperat</span> <span class='ocrx_word' id='word_1_181' title='bbox 1413 1667 1576 1706; x_wconf 87' lang='lat' dir='ltr'>admini-</span> <span class='ocrx_word' id='word_1_182' title='bbox 1619 1666 1625 1669; x_wconf 60' lang='grc'>’</span> 
     </span>
    </p>
   </div>
   <div class='ocr_carea' id='block_1_9' title="bbox 172 1729 1574 2109">
    <p class='ocr_par' dir='ltr' id='par_1_9' title="bbox 172 1729 1574 2109">
     <span class='ocr_line' id='line_1_28' title="bbox 243 1729 1574 1783; baseline 0.004 -18"><span class='ocrx_word' id='word_1_183' title='bbox 243 1729 361 1767; x_wconf 83' lang='lat' dir='ltr'>strari.</span> <span class='ocrx_word' id='word_1_184' title='bbox 421 1731 541 1769; x_wconf 85' lang='lat' dir='ltr'>Venit</span> <span class='ocrx_word' id='word_1_185' title='bbox 562 1733 705 1771; x_wconf 88' lang='lat' dir='ltr'>eodem</span> <span class='ocrx_word' id='word_1_186' title='bbox 733 1746 823 1771; x_wconf 88' lang='lat' dir='ltr'>cum</span> <span class='ocrx_word' id='word_1_187' title='bbox 846 1733 924 1771; x_wconf 87' lang='lat' dir='ltr'>suis</span> <span class='ocrx_word' id='word_1_188' title='bbox 955 1733 1078 1783; x_wconf 84' lang='lat' dir='ltr'>copiis</span> <span class='ocrx_word' id='word_1_189' title='bbox 1098 1740 1255 1783; x_wconf 90' lang='lat' dir='ltr'>postero</span> <span class='ocrx_word' id='word_1_190' title='bbox 1276 1732 1341 1771; x_wconf 88' lang='lat' dir='ltr'>die</span> <span class='ocrx_word' id='word_1_191' title='bbox 1362 1733 1405 1771; x_wconf 92' lang='lat' dir='ltr'>C.</span> <span class='ocrx_word' id='word_1_192' title='bbox 1431 1732 1574 1770; x_wconf 86' lang='lat' dir='ltr'>Fabius</span> 
     </span>
     <span class='ocr_line' id='line_1_29' title="bbox 243 1796 1136 1846; baseline 0.006 -16"><span class='ocrx_word' id='word_1_193' title='bbox 243 1801 472 1844; x_wconf 88' lang='lat' dir='ltr'>partemque</span> <span class='ocrx_word' id='word_1_194' title='bbox 493 1796 629 1846; x_wconf 87' lang='lat' dir='ltr'>oppidi</span> <span class='ocrx_word' id='word_1_195' title='bbox 650 1797 768 1835; x_wconf 91' lang='lat' dir='ltr'>sumit</span> <span class='ocrx_word' id='word_1_196' title='bbox 788 1799 839 1837; x_wconf 89' lang='lat' dir='ltr'>ad</span> <span class='ocrx_word' id='word_1_197' title='bbox 860 1798 1136 1837; x_wconf 90' lang='lat' dir='ltr'>obsidendum.</span> 
     </span>
     <span class='ocr_line' id='line_1_30' title="bbox 172 1856 1573 1913; baseline 0.003 -17"><span class='ocrx_word' id='word_1_198' title='bbox 172 1856 223 1902; x_wconf 90' lang='lat'>38</span> <span class='ocrx_word' id='word_1_199' title='bbox 298 1860 441 1898; x_wconf 88' lang='lat' dir='ltr'>Caesar</span> <span class='ocrx_word' id='word_1_200' title='bbox 461 1860 615 1900; x_wconf 89' lang='lat' dir='ltr'>interim</span> <span class='ocrx_word' id='word_1_201' title='bbox 638 1864 693 1900; x_wconf 89' lang='lat' dir='ltr'>M.</span> <span class='ocrx_word' id='word_1_202' title='bbox 718 1863 938 1902; x_wconf 87' lang='lat' dir='ltr'>Antonium</span> <span class='ocrx_word' id='word_1_203' title='bbox 966 1871 1213 1913; x_wconf 87' lang='lat' dir='ltr'>quaestorem</span> <span class='ocrx_word' id='word_1_204' title='bbox 1234 1876 1325 1901; x_wconf 91' lang='lat' dir='ltr'>cum</span> <span class='ocrx_word' id='word_1_205' title='bbox 1345 1862 1573 1901; x_wconf 86' lang='lat' dir='ltr'>cohortibus</span> 
     </span>
     <span class='ocr_line' id='line_1_31' title="bbox 242 1923 1573 1978; baseline 0.004 -18"><span class='ocrx_word' id='word_1_206' title='bbox 242 1934 299 1960; x_wconf 84' lang='lat' dir='ltr'>XV</span> <span class='ocrx_word' id='word_1_207' title='bbox 318 1923 358 1962; x_wconf 87' lang='lat' dir='ltr'>in</span> <span class='ocrx_word' id='word_1_208' title='bbox 381 1926 598 1964; x_wconf 88' lang='lat' dir='ltr'>Bellovacis</span> <span class='ocrx_word' id='word_1_209' title='bbox 625 1927 818 1978; x_wconf 89' lang='lat' dir='ltr'>relinquit,</span> <span class='ocrx_word' id='word_1_210' title='bbox 842 1942 892 1967; x_wconf 89' lang='lat' dir='ltr'>ne</span> <span class='ocrx_word' id='word_1_211' title='bbox 919 1942 996 1978; x_wconf 90' lang='lat' dir='ltr'>qua</span> <span class='ocrx_word' id='word_1_212' title='bbox 1023 1942 1151 1966; x_wconf 88' lang='lat' dir='ltr'>rursus</span> <span class='ocrx_word' id='word_1_213' title='bbox 1179 1941 1371 1967; x_wconf 90' lang='lat' dir='ltr'>novorum</span> <span class='ocrx_word' id='word_1_214' title='bbox 1396 1927 1573 1966; x_wconf 89' lang='lat' dir='ltr'>consilio-</span> 
     </span>
     <span class='ocr_line' id='line_1_32' title="bbox 207 1990 1572 2044; baseline 0.004 -19"><span class='ocrx_word' id='word_1_215' title='bbox 207 1998 328 2026; x_wconf 90' lang='lat' dir='ltr'>2rum</span> <span class='ocrx_word' id='word_1_216' title='bbox 367 1990 650 2040; x_wconf 88' lang='lat' dir='ltr'>capiendorum</span> <span class='ocrx_word' id='word_1_217' title='bbox 689 1993 820 2044; x_wconf 84' lang='lat' dir='ltr'>Belgis</span> <span class='ocrx_word' id='word_1_218' title='bbox 859 1995 1021 2032; x_wconf 86' lang='lat' dir='ltr'>facultas</span> <span class='ocrx_word' id='word_1_219' title='bbox 1056 1995 1221 2032; x_wconf 89' lang='lat' dir='ltr'>daretur.</span> <span class='ocrx_word' id='word_1_220' title='bbox 1284 1994 1375 2043; x_wconf 90' lang='lat' dir='ltr'>Ipse</span> <span class='ocrx_word' id='word_1_221' title='bbox 1406 1992 1572 2042; x_wconf 84' lang='lat' dir='ltr'>reliquas</span> 
     </span>
     <span class='ocr_line' id='line_1_33' title="bbox 241 2052 1571 2109; baseline 0.004 -19"><span class='ocrx_word' id='word_1_222' title='bbox 241 2052 415 2092; x_wconf 88' lang='lat' dir='ltr'>civitates</span> <span class='ocrx_word' id='word_1_223' title='bbox 453 2056 544 2103; x_wconf 87' lang='lat' dir='ltr'>adit,</span> <span class='ocrx_word' id='word_1_224' title='bbox 587 2057 745 2096; x_wconf 91' lang='lat' dir='ltr'>obsides</span> <span class='ocrx_word' id='word_1_225' title='bbox 793 2058 912 2107; x_wconf 86' lang='lat' dir='ltr'>pluris</span> <span class='ocrx_word' id='word_1_226' title='bbox 958 2058 1132 2109; x_wconf 88' lang='lat' dir='ltr'>imperat,</span> <span class='ocrx_word' id='word_1_227' title='bbox 1174 2057 1346 2096; x_wconf 91' lang='lat' dir='ltr'>timentis</span> <span class='ocrx_word' id='word_1_228' title='bbox 1393 2056 1571 2095; x_wconf 89' lang='lat' dir='ltr'>omnium</span> 
     </span>
    </p>
   </div>
   <div class='ocr_carea' id='block_1_10' title="bbox 1596 1810 1632 1841">
    <p class='ocr_par' dir='ltr' id='par_1_10' title="bbox 1596 1810 1632 1841">
     <span class='ocr_line' id='line_1_34' title="bbox 1596 1810 1632 1841; baseline 0 0"><span class='ocrx_word' id='word_1_229' title='bbox 1596 1810 1632 1841; x_wconf 79' lang='lat'>25</span> 
     </span>
    </p>
   </div>
   <div class='ocr_carea' id='block_1_11' title="bbox 205 2117 1631 2169">
    <p class='ocr_par' dir='ltr' id='par_1_11' title="bbox 205 2117 1631 2169">
     <span class='ocr_line' id='line_1_35' title="bbox 205 2117 1631 2169; baseline 0.006 -14"><span class='ocrx_word' id='word_1_230' title='bbox 205 2117 392 2163; x_wconf 72' lang='lat' dir='ltr'>ganimos</span> <span class='ocrx_word' id='word_1_231' title='bbox 436 2121 706 2161; x_wconf 86' lang='lat' dir='ltr'>consolatione</span> <span class='ocrx_word' id='word_1_232' title='bbox 746 2131 865 2161; x_wconf 86' lang='lat' dir='ltr'>sanat.</span> <span class='ocrx_word' id='word_1_233' title='bbox 937 2124 1040 2162; x_wconf 89' lang='lat' dir='ltr'>Cum</span> <span class='ocrx_word' id='word_1_234' title='bbox 1078 2123 1118 2160; x_wconf 92' lang='lat' dir='ltr'>in</span> <span class='ocrx_word' id='word_1_235' title='bbox 1157 2124 1349 2162; x_wconf 90' lang='lat' dir='ltr'>Carnutes</span> <span class='ocrx_word' id='word_1_236' title='bbox 1389 2122 1569 2169; x_wconf 85' lang='lat' dir='ltr'>venisset,</span> <span class='ocrx_word' id='word_1_237' title='bbox 1592 2132 1631 2163; x_wconf 81' lang='lat'>30</span> 
     </span>
    </p>
   </div>
   <div class='ocr_carea' id='block_1_12' title="bbox 240 2184 1570 2237">
    <p class='ocr_par' dir='ltr' id='par_1_12' title="bbox 240 2184 1570 2237">
     <span class='ocr_line' id='line_1_36' title="bbox 240 2184 1570 2237; baseline 0.003 -17"><span class='ocrx_word' id='word_1_238' title='bbox 240 2196 408 2232; x_wconf 90' lang='lat' dir='ltr'>quorum</span> <span class='ocrx_word' id='word_1_239' title='bbox 437 2184 477 2222; x_wconf 91' lang='lat' dir='ltr'>in</span> <span class='ocrx_word' id='word_1_240' title='bbox 507 2185 662 2224; x_wconf 87' lang='lat' dir='ltr'>civitate</span> <span class='ocrx_word' id='word_1_241' title='bbox 691 2187 888 2237; x_wconf 89' lang='lat' dir='ltr'>superiore</span> <span class='ocrx_word' id='word_1_242' title='bbox 914 2186 1198 2226; x_wconf 89' lang='lat' dir='ltr'>commentario</span> <span class='ocrx_word' id='word_1_243' title='bbox 1229 2188 1372 2226; x_wconf 87' lang='lat' dir='ltr'>Caesar</span> <span class='ocrx_word' id='word_1_244' title='bbox 1392 2186 1570 2237; x_wconf 84' lang='lat' dir='ltr'>exposuit</span> 
     </span>
    </p>
   </div>
   <div class='ocr_carea' id='block_1_13' title="bbox 241 2287 1569 2418">
    <p class='ocr_par' dir='ltr' id='par_1_13' title="bbox 241 2287 1569 2418">
     <span class='ocr_line' id='line_1_37' title="bbox 288 2287 1569 2330; baseline 0.004 -14"><span class='ocrx_word' id='word_1_245' title='bbox 288 2297 299 2315; x_wconf 94' lang='lat'>1</span> <span class='ocrx_word' id='word_1_246' title='bbox 328 2287 496 2326; x_wconf 84' lang='lat' dir='ltr'>perterriti</span> <span class='ocrx_word' id='word_1_247' title='bbox 513 2290 537 2323; x_wconf 88' lang='grc' dir='ltr'><em>β</em></span> <span class='ocrx_word' id='word_1_248' title='bbox 584 2292 661 2329; x_wconf 82' lang='lat' dir='ltr'>post</span> <span class='ocrx_word' id='word_1_249' title='bbox 675 2289 772 2321; x_wconf 89' lang='lat' dir='ltr'>facile</span> <span class='ocrx_word' id='word_1_250' title='bbox 790 2290 866 2321; x_wconf 78' lang='lat' dir='ltr'>add.</span> <span class='ocrx_word' id='word_1_251' title='bbox 885 2296 918 2321; x_wconf 87' lang='lat' dir='ltr'>et</span> <span class='ocrx_word' id='word_1_252' title='bbox 935 2292 957 2325; x_wconf 89' lang='grc' dir='ltr'>β</span> <span class='ocrx_word' id='word_1_253' title='bbox 1060 2302 1076 2330; x_wconf 92' lang='lat'><strong>7</strong></span> <span class='ocrx_word' id='word_1_254' title='bbox 1103 2291 1135 2321; x_wconf 89' lang='lat' dir='ltr'>in</span> <span class='ocrx_word' id='word_1_255' title='bbox 1155 2291 1243 2321; x_wconf 85' lang='lat' dir='ltr'>trina</span> <span class='ocrx_word' id='word_1_256' title='bbox 1259 2292 1302 2325; x_wconf 76' lang='lat' dir='ltr'>B:</span> <span class='ocrx_word' id='word_1_257' title='bbox 1328 2291 1416 2321; x_wconf 86' lang='lat' dir='ltr'>intra</span> <span class='ocrx_word' id='word_1_258' title='bbox 1433 2302 1452 2320; x_wconf 90' lang='grc' dir='ltr'><em>α</em></span> <span class='ocrx_word' id='word_1_259' title='bbox 1549 2291 1569 2321; x_wconf 88' lang='lat'>8</span> 
     </span>
     <span class='ocr_line' id='line_1_38' title="bbox 241 2329 1567 2373; baseline 0.004 -14"><span class='ocrx_word' id='word_1_260' title='bbox 241 2329 348 2360; x_wconf 86' lang='lat' dir='ltr'>hostis</span> <span class='ocrx_word' id='word_1_261' title='bbox 371 2342 413 2361; x_wconf 79' lang='lat' dir='ltr'>a:</span> <span class='ocrx_word' id='word_1_262' title='bbox 449 2331 564 2363; x_wconf 86' lang='lat' dir='ltr'>hostes</span> <span class='ocrx_word' id='word_1_263' title='bbox 581 2335 604 2367; x_wconf 86' lang='grc' dir='ltr'>β</span> <span class='ocrx_word' id='word_1_264' title='bbox 738 2344 778 2373; x_wconf 78' lang='lat'>27</span> <span class='ocrx_word' id='word_1_265' title='bbox 805 2344 851 2364; x_wconf 86' lang='lat' dir='ltr'>xv</span> <span class='ocrx_word' id='word_1_266' title='bbox 873 2334 931 2366; x_wconf 80' lang='lat' dir='ltr'>B‘:</span> <span class='ocrx_word' id='word_1_267' title='bbox 970 2345 1019 2365; x_wconf 66' lang='grc' dir='ltr'>ΧΠ</span> <span class='ocrx_word' id='word_1_268' title='bbox 1044 2333 1109 2364; x_wconf 85' lang='lat' dir='ltr'>A‘:</span> <span class='ocrx_word' id='word_1_269' title='bbox 1144 2345 1202 2365; x_wconf 80' lang='lat' dir='ltr'>xvr</span> <span class='ocrx_word' id='word_1_270' title='bbox 1223 2336 1246 2368; x_wconf 86' lang='grc' dir='ltr'>β</span> <span class='ocrx_word' id='word_1_271' title='bbox 1336 2335 1495 2373; x_wconf 86' lang='lat' dir='ltr'>relinquit</span> <span class='ocrx_word' id='word_1_272' title='bbox 1514 2333 1567 2364; x_wconf 86' lang='lat' dir='ltr'>B:</span> 
     </span>
     <span class='ocr_line' id='line_1_39' title="bbox 241 2372 1568 2418; baseline 0.006 -17"><span class='ocrx_word' id='word_1_273' title='bbox 241 2372 375 2411; x_wconf 85' lang='lat' dir='ltr'>reliquit</span> <span class='ocrx_word' id='word_1_274' title='bbox 391 2373 458 2408; x_wconf 40' lang='lat' dir='ltr'>11¹ss</span> <span class='ocrx_word' id='word_1_275' title='bbox 591 2377 632 2406; x_wconf 85' lang='lat'>28</span> <span class='ocrx_word' id='word_1_276' title='bbox 657 2378 898 2416; x_wconf 82' lang='lat' dir='ltr'>capiendorum</span> <span class='ocrx_word' id='word_1_277' title='bbox 917 2378 1032 2417; x_wconf 83' lang='lat' dir='ltr'>Belgis</span> <span class='ocrx_word' id='word_1_278' title='bbox 1048 2390 1086 2410; x_wconf 84' lang='lat' dir='ltr'>a:</span> <span class='ocrx_word' id='word_1_279' title='bbox 1127 2379 1167 2409; x_wconf 87' lang='lat' dir='ltr'>ad</span> <span class='ocrx_word' id='word_1_280' title='bbox 1186 2378 1387 2418; x_wconf 81' lang='lat' dir='ltr'>capiendum</span> <span class='ocrx_word' id='word_1_281' title='bbox 1405 2378 1528 2409; x_wconf 88' lang='lat' dir='ltr'>bellum</span> <span class='ocrx_word' id='word_1_282' title='bbox 1545 2379 1568 2412; x_wconf 84' lang='grc' dir='ltr'>β</span> 
     </span>
    </p>
   </div>
   <div class='ocr_carea' id='block_1_14' title="bbox 240 2418 828 2456">
    <p class='ocr_par' dir='ltr' id='par_1_14' title="bbox 240 2418 828 2456">
     <span class='ocr_line' id='line_1_40' title="bbox 240 2418 828 2456; baseline 0.014 -12"><span class='ocrx_word' id='word_1_283' title='bbox 240 2425 278 2453; x_wconf 85' lang='lat'>31</span> <span class='ocrx_word' id='word_1_284' title='bbox 300 2420 375 2455; x_wconf 78' lang='lat' dir='ltr'>post</span> <span class='ocrx_word' id='word_1_285' title='bbox 390 2427 533 2455; x_wconf 87' lang='lat' dir='ltr'>quorum</span> <span class='ocrx_word' id='word_1_286' title='bbox 551 2418 624 2451; x_wconf 79' lang='lat' dir='ltr'>add.</span> <span class='ocrx_word' id='word_1_287' title='bbox 647 2420 788 2451; x_wconf 83' lang='lat' dir='ltr'>consilio</span> <span class='ocrx_word' id='word_1_288' title='bbox 805 2423 828 2456; x_wconf 83' lang='grc' dir='ltr'><em>β</em></span> 
     </span>
    </p>
   </div>
  </div>
 </body>
</html>
