1768 2739
648 136 691 172 (ἶ.
725 134 841 172 IVLI
874 134 1143 172 CAESARIS

231 247 510 296 pervenissent,
540 246 688 296 reliqua
717 247 806 295 fuga
836 247 1051 294 desperata,
1078 257 1222 293 magno
1252 255 1416 282 numero
1446 243 1560 281 inter-

232 315 347 360 fecto,
371 312 510 363 reliqui
531 326 571 351 se
593 312 631 349 in
654 313 800 350 flumen
822 310 1173 360 praecipitaverunt
1194 317 1312 358 atque
1329 307 1382 346 ibi
1404 307 1555 355 timore,

194 391 211 421 3
231 378 474 425 lassitudine,
497 378 533 416 vi
554 377 726 416 fluminis
751 376 925 426 oppressi
949 375 1154 425 perierunt.
1208 373 1343 412 Nostri
1362 374 1413 412 ad
1434 387 1557 412 unum

232 457 371 483 omnes
392 443 622 489 incolumes,
641 441 846 492 perpaucis
867 439 1089 487 vulneratis,
1107 453 1153 478 ex
1174 438 1271 477 tanti
1292 437 1385 476 belli
1406 437 1556 485 timore,

232 523 323 548 cum
347 508 520 548 hostium
545 521 731 546 numerus
756 506 929 555 capitum
956 517 1148 543 ccccxxx
1173 503 1325 542 milium
1349 502 1496 550 fuisset,
1519 516 1560 542 se
1580 516 1598 548 5

192 586 212 616 4
231 574 273 613 in
298 581 423 613 castra
450 579 690 622 receperunt.
751 571 896 610 Caesar
920 569 974 608 eis
1000 582 1098 619 quos
1126 568 1166 606 in
1194 567 1327 606 castris
1349 567 1558 606 retinuerat

192 652 210 683 5
233 637 464 679 discedendi
503 643 738 687 potestatem
778 634 878 673 fecit.
953 633 1015 672 Illi
1054 632 1245 682 supplicia
1286 631 1560 681 cruciatusque

233 705 436 742 Gallorum
458 701 567 740 veriti
588 713 756 751 quorum
783 712 895 749 agros
916 704 1147 736 vexaverant
1168 709 1368 735 remanere
1391 710 1432 734 se
1451 697 1559 746 apud

232 782 323 808 eum
344 769 443 806 velle
463 766 653 806 dixerunt.
716 764 792 802 His
814 765 958 803 Caesar
978 763 1197 801 libertatem
1219 761 1422 800 concessit.

165 836 211 874 16
287 831 525 871 Germanico
546 831 651 869 bello
672 830 866 875 confecto,
890 827 1021 866 multis
1043 828 1092 865 de
1113 825 1239 864 causis
1262 827 1406 865 Caesar
1426 825 1559 864 statuit
1575 839 1622 861 -10

233 897 307 936 sibi
324 899 511 936 Rhenum
539 909 623 934 esse
645 895 927 933 transeundum
945 907 954 940 3
988 905 1152 942 quarum
1174 891 1239 929 illa
1259 890 1330 929 fuit
1351 890 1561 928 iustissima

232 964 352 1012 quod,
393 975 484 1000 cum
526 960 674 998 videret
716 960 935 997 Germanos
981 965 1061 995 tam
1099 955 1212 994 facile
1253 955 1400 1005 impelli
1439 963 1481 993 ut
1520 954 1559 992 in

233 1027 401 1066 Galliam
423 1025 609 1072 venirent,
633 1024 712 1063 suis
737 1037 896 1073 quoque
923 1023 1038 1061 rebus
1064 1035 1130 1060 eos
1156 1020 1292 1058 timere
1313 1019 1446 1066 voluit,
1469 1033 1559 1057 cum

231 1092 499 1141 intellegerent
534 1097 572 1129 et
602 1102 717 1139 posse
747 1096 784 1127 et
814 1089 958 1126 audere
984 1085 1119 1136 populi
1149 1085 1320 1123 Romani
1347 1083 1559 1123 exercitum

195 1173 208 1195 2
233 1159 419 1196 Rhenum
446 1154 617 1194 transire.
679 1153 855 1192 Accessit
881 1152 999 1190 etiam
1022 1152 1130 1201 quod
1158 1150 1222 1188 illa
1250 1163 1336 1200 pars
1364 1149 1560 1199 equitatus
1583 1167 1619 1198 15

154 1216 157 1217 ⁷
232 1221 442 1271 Usipetum
465 1228 503 1258 et
523 1222 820 1265 Tencterorum,
844 1231 961 1268 quam
989 1230 1103 1266 supra
1128 1214 1434 1254 commemoravi
1455 1228 1561 1264 prae-

231 1286 352 1325 dandi
374 1284 720 1334 frumentandique
740 1297 857 1322 causa
880 1285 1036 1321 Mosam
1059 1281 1241 1320 transisse
1262 1294 1390 1330 neque
1411 1279 1560 1329 proelio

232 1350 461 1397 interfuisse,
495 1358 583 1399 post
615 1351 746 1398 fugam
779 1361 938 1386 suorum
971 1362 1012 1385 se
1044 1355 1147 1384 trans
1184 1347 1367 1383 Rhenum
1401 1345 1441 1382 in
1473 1344 1560 1382 finis

195 1431 212 1461 3
232 1416 537 1465 Sugambrorum
571 1421 767 1463 receperat
800 1426 920 1462 seque
955 1426 1044 1449 cum
1080 1411 1134 1449 eis
1171 1410 1434 1448 coniunxerat.
1495 1411 1559 1448 Ad

233 1493 332 1529 quos
364 1494 453 1518 cum
477 1481 621 1519 Caesar
646 1478 805 1516 nuntios
831 1476 997 1515 misisset
1030 1476 1095 1526 qui
1125 1476 1367 1525 postularent
1395 1488 1462 1512 eos
1492 1474 1558 1524 qui
1581 1487 1619 1508 20

233 1544 306 1582 sibi
335 1544 564 1593 Galliaeque
595 1544 743 1581 bellum
771 1541 992 1580 intulissent
1026 1540 1099 1578 sibi
1128 1541 1328 1586 dederent,
1351 1540 1560 1589 responde-

192 1630 212 1658 4
233 1618 344 1649 runt:
380 1609 515 1660 populi
535 1608 705 1647 Romani
723 1607 928 1657 imperium
950 1608 1135 1645 Rhenum
1159 1606 1268 1644 finire
1288 1621 1293 1643 :
1325 1605 1355 1643 si
1377 1619 1417 1644 se
1438 1605 1560 1643 invito

234 1677 452 1714 Germanos
477 1675 516 1712 in
539 1673 707 1712 Galliam
736 1672 896 1710 transire
922 1685 1001 1710 non
1028 1685 1198 1721 aequum
1224 1670 1470 1717 existimaret,
1494 1684 1562 1708 cur

232 1739 291 1778 sui
330 1739 542 1789 quicquam
581 1751 666 1776 esse
706 1736 843 1786 imperi
883 1744 949 1775 aut
990 1736 1192 1786 potestatis
1228 1743 1332 1773 trans
1374 1737 1559 1773 Rhenum

195 1805 475 1854 5p0stularet?
543 1801 639 1842 Ubii
677 1809 821 1848 autem,
863 1801 929 1851 qui
969 1801 1037 1839 uni
1076 1816 1123 1840 ex
1160 1799 1472 1839 Transrhenanis
1510 1801 1560 1838 ad
1583 1813 1619 1844 25

234 1870 442 1909 Caesarem
472 1870 619 1918 legatos
647 1866 842 1914 miserant,
869 1866 1082 1905 amicitiam
1109 1867 1291 1913 fecerant,
1314 1864 1473 1904 obsides
1498 1866 1561 1903 de-

232 1935 381 1981 derant,
416 1945 653 1983 magnopere
683 1932 848 1970 orabant
884 1938 926 1969 ut
966 1931 1039 1969 sibi
1074 1930 1261 1969 auxilium
1295 1931 1420 1977 ferret,
1453 1930 1561 1980 quod

194 2010 213 2041 6
231 1998 395 2048 graviter
424 1998 474 2036 ab
505 1996 643 2036 Suebis
675 2003 943 2046 premerentur
958 2010 967 2043 3
1006 1997 1077 2042 vel,
1112 1995 1142 2033 si
1169 1995 1210 2033 id
1237 1996 1363 2033 facere
1397 2007 1565 2044 occupa«

233 2063 406 2102 tionibus
427 2062 480 2100 rei
502 2060 683 2111 publicae
703 2060 985 2110 prohiberetur,
1001 2059 1212 2098 exercitum
1235 2060 1356 2098 modo
1374 2060 1559 2097 Rhenum

234 2134 511 2178 transportaret
529 2142 535 2165 ;
571 2126 612 2165 id
633 2125 707 2164 sibi
728 2127 783 2164 ad
797 2125 984 2164 auxilium
1007 2138 1198 2175 spemque
1220 2124 1358 2174 reliqui
1374 2123 1560 2174 temporis
1581 2136 1620 2166 30

199 2193 326 2239 7satis
347 2194 530 2231 futurum.
591 2193 766 2229 Tantum
793 2204 878 2229 esse
905 2204 1051 2229 nomen
1075 2198 1194 2240 atque
1221 2189 1449 2240 opinionem
1477 2188 1559 2226 eius

234 2258 423 2297 exercitus
456 2256 654 2295 Ariovisto
692 2258 807 2306 pulso
846 2264 883 2294 et
922 2257 998 2294 hoc
1030 2255 1244 2294 novissimo
1275 2254 1425 2304 proelio
1456 2255 1559 2291 facto

233 2323 349 2362 etiam
386 2324 436 2361 ad
471 2322 628 2361 ultimas
663 2323 950 2360 Germanorum
989 2321 1177 2365 nationes,
1213 2319 1267 2358 uti
1303 2318 1489 2368 opinione
1521 2326 1560 2356 et

733 2436 775 2463 30
800 2425 840 2456 ad
859 2424 932 2456 add.
953 2424 1066 2454 Aldus
