1706 2729
615 159 658 197 C.
694 160 808 196 IVLI
841 159 1109 197 CAESARIS

197 269 488 308 satisfacerent:
531 282 572 307 se
600 282 672 307 nec
712 282 899 318 umquam
938 268 1137 306 dubitasse
1175 281 1304 318 neque
1343 268 1518 308 timuisse

196 348 324 384 neque
351 335 402 372 de
425 347 578 371 summa
601 333 693 372 belli
720 347 833 372 suum
861 333 1048 372 iudicium
1079 334 1147 371 sed
1174 332 1415 383 imperatoris
1435 345 1520 371 esse

155 419 174 449 4
196 399 483 438 existimavisse.
555 400 702 437 Eorum
735 397 995 437 satisfactione
1028 405 1188 448 accepta
1220 405 1257 436 et
1291 397 1427 435 itinere
1461 410 1520 435 ex-

194 463 338 514 quisito
371 477 439 514 per
469 463 726 511 Diviciacum,
756 463 863 512 quod
893 475 939 500 ex
972 461 1054 500 aliis
1089 462 1123 500 ei
1162 461 1370 500 maximam
1400 462 1519 500 fidem

193 529 375 575 habebat,
417 535 457 565 ut
507 528 656 565 milium
694 527 860 577 amplius
899 526 1180 576 quinquaginta
1219 526 1381 565 circuitu
1423 526 1556 566 locis5

191 593 333 644 apertis
371 593 582 631 exercitum
627 594 797 639 duceret,
841 593 891 631 de
928 600 1064 642 quarta
1103 591 1240 641 vigilia,
1279 599 1321 630 ut
1359 591 1517 638 dixerat,

153 671 170 702 5
192 659 389 708 profectus
416 665 483 696 est.
544 657 719 707 Septimo
746 657 821 703 die,
850 669 940 695 curn
965 656 1036 694 iter
1059 669 1139 694 non
1163 656 1442 703 intermitteret,
1468 656 1518 694 ab

192 722 499 773 exploratoribus
530 722 669 761 certior
699 723 823 760 factus
855 729 912 760 est
943 721 1125 759 Ariovisti
1157 721 1288 771 copias
1325 733 1347 758 a
1378 720 1518 758 nostris

192 787 349 825 milibus
369 800 554 837 passuum
576 793 758 836 quattuor
778 794 816 824 et
836 798 895 823 xx
915 786 1062 824 abesse.

118 857 171 894 42
246 851 417 901 Cognito
460 851 636 890 Caesaris
670 852 854 898 adventu,
894 850 1110 889 Ariovistus
1149 852 1295 900 legatos
1337 851 1388 888 ad
1427 863 1517 888 eum
1540 863 1578 884 10

191 915 330 953 mittit:
361 916 469 965 quod
492 923 606 954 antea
635 917 686 954 de
714 914 912 965 colloquio
939 916 1183 965 postulasset,
1209 915 1249 953 id
1275 928 1342 964 per
1367 928 1407 952 se
1437 914 1518 952 fieri

190 980 316 1027 licere,
348 980 534 1030 quoniam
561 980 720 1030 propius
749 980 986 1026 accessisset,
1015 993 1135 1029 seque
1162 979 1202 1017 id
1229 979 1311 1017 sine
1344 978 1517 1029 periculo

153 1060 166 1081 2
188 1046 315 1083 facere
338 1058 453 1095 posse
477 1045 704 1083 existimare.
765 1046 857 1083 Non
887 1044 1032 1094 respuit
1058 1043 1333 1082 condicionem
1362 1044 1515 1090 Caesar,

188 1109 345 1159 iamque
366 1123 455 1148 eum
479 1110 530 1148 ad
555 1109 760 1147 sanitatem
781 1109 917 1147 reverti
937 1108 1203 1154 arbitrabatur,
1227 1121 1316 1146 cum
1344 1107 1384 1146 id
1408 1109 1516 1157 quod

151 1185 167 1215 3
187 1181 302 1212 antea
322 1173 469 1224 petenti
496 1174 727 1224 denegasset
756 1174 857 1211 ultro
884 1172 1156 1223 polliceretur,
1186 1185 1447 1221 magnamque
1475 1171 1515 1209 in
1538 1186 1573 1218 15

187 1251 296 1287 spem
324 1237 505 1276 veniebat
538 1251 609 1288 pro
643 1238 721 1276 suis
752 1237 868 1275 tantis
899 1237 1114 1287 populique
1148 1236 1319 1275 Romani
1353 1236 1392 1274 in
1424 1249 1514 1275 eum

186 1303 398 1349 beneficiis,
435 1303 599 1352 cognitis
642 1302 720 1341 suis
754 1302 968 1352 postulatis,
1002 1303 1084 1340 fore
1117 1301 1171 1339 uti
1212 1300 1422 1351 pertinacia
1451 1302 1515 1340 de-

186 1367 344 1405 sisteret.
424 1367 518 1406 Dies
558 1367 756 1417 colloquio
795 1367 923 1405 dictus
957 1374 1025 1413 est,
1063 1379 1109 1404 ex
1145 1379 1193 1404 eo
1237 1365 1300 1404 die
1342 1365 1510 1415 quintus.

146 1440 165 1470 4
187 1431 349 1469 Interim
384 1445 500 1482 saepe
531 1434 632 1470 ultro
669 1432 845 1481 citroque
879 1444 969 1469 cum
1009 1430 1123 1481 legati
1155 1430 1254 1468 inter
1285 1443 1351 1468 eos
1390 1430 1513 1469 mitte-

186 1504 326 1543 rentur,
365 1496 582 1534 Ariovistus
616 1496 826 1546 postulavit
864 1509 914 1534 ne
952 1509 1071 1545 quem
1105 1494 1277 1545 peditem
1312 1496 1363 1533 ad
1396 1497 1513 1533 collo-
1534 1511 1573 1532 20

184 1560 320 1610 quium
349 1562 492 1600 Caesar
520 1562 759 1599 adduceret:
803 1560 923 1599 vereri
953 1573 994 1598 se
1028 1573 1078 1598 ne
1104 1573 1172 1609 per
1198 1559 1356 1598 insidias
1387 1559 1436 1597 ab
1464 1573 1511 1598 eo

182 1624 547 1663 circumveniretur:
589 1632 752 1675 uterque
792 1638 883 1662 curn
917 1624 1092 1674 equitatu
1130 1623 1302 1662 veniret:
1345 1624 1419 1662 alia
1458 1638 1512 1662 ra-

144 1702 160 1732 5,
183 1688 289 1726 tione
336 1702 420 1727 sese
463 1703 543 1727 non
591 1703 676 1728 esse
723 1697 939 1728 venturum.
1027 1690 1180 1735 Caesar,
1230 1690 1339 1738 quod
1382 1702 1510 1738 neque

182 1753 423 1803 colloquium
452 1754 679 1804 interposita
717 1767 834 1792 causa
872 1753 954 1791 tolli
993 1754 1149 1792 volebat
1177 1766 1306 1803 neque
1345 1755 1508 1791 salutem

181 1830 291 1855 suam
322 1819 524 1856 Gallorum
555 1818 745 1868 equitatui
776 1817 1022 1856 committere
1059 1819 1241 1865 audebat,
1275 1818 1509 1856 commodis—
1530 1833 1566 1863 25

180 1881 322 1919 simum
343 1896 428 1921 esse
448 1883 592 1930 statuit,
615 1883 799 1921 omnibus
820 1883 930 1933 equis
955 1882 1075 1921 Gallis
1097 1883 1292 1932 equitibus
1313 1883 1506 1931 detractis,

179 1959 227 1984 eo
254 1947 484 1997 legionarios
514 1947 656 1986 milites
685 1948 847 1998 legionis
877 1948 1064 1995 decimae,
1097 1949 1159 1987 cui
1193 1962 1310 1999 quam
1342 1949 1508 1988 maxime

179 2013 414 2060 confidebat,
455 2013 668 2063 imponere,
709 2022 750 2052 ut
784 2014 1019 2063 praesidium
1059 2028 1176 2064 quam
1214 2015 1504 2062 amicissimum,

141 2086 160 2116 6
179 2076 209 2113 si
239 2076 335 2125 quid
364 2090 462 2127 opus
492 2079 595 2115 facto
624 2086 736 2125 esset,
768 2080 937 2117 haberet.
1011 2080 1133 2128 Quod
1157 2093 1246 2117 cum
1277 2081 1394 2126 fieret,
1426 2093 1505 2118 non

178 2139 370 2179 irridicule
398 2141 557 2191 quidam
579 2156 625 2181 ex
652 2143 838 2181 militibus
864 2144 1041 2182 decimae
1065 2144 1226 2194 legionis
1258 2145 1375 2183 dixit:
1418 2147 1504 2194 plus
1525 2154 1564 2183 30

177 2218 293 2253 quam
320 2206 515 2255 pollicitus
551 2216 651 2246 esset
684 2209 892 2248 Caesarem
922 2209 956 2247 ei
987 2210 1135 2257 facere,
1166 2209 1381 2260 pollicitum
1403 2222 1443 2247 se
1464 2209 1502 2247 in

176 2271 345 2308 cohortis
372 2273 585 2320 praetoriae
617 2276 705 2312 loco
737 2274 931 2313 decimam
967 2275 1160 2325 legionem
1193 2275 1426 2321 habiturum,
1451 2275 1501 2312 ad

175 2347 320 2384 equum
344 2337 560 2376 rescribere.

673 2451 710 2479 31
739 2442 767 2472 ei
785 2453 824 2471 a:
850 2452 914 2471 ont.
935 2442 1003 2475 33²
