1768 2739
447 138 520 174 DE
552 134 731 173 BELLO
762 133 1006 171 GALLICO
1037 134 1138 170 LIB.
1171 134 1206 169 V

169 261 253 286 sese
282 245 515 292 occultabat,
550 251 668 293 atque
698 242 752 280 eis
788 242 1012 291 regionibus
1043 242 1185 291 quibus
1216 255 1287 280 nos
1318 241 1387 279 iter
1416 242 1491 279 fac-

169 320 274 350 turos
304 317 538 361 cognoverat
568 321 710 358 pecora
744 315 862 357 atque
892 307 1072 345 homines
1103 321 1148 345 ex
1177 306 1275 356 agris
1306 306 1344 344 in
1376 306 1489 345 silvas

168 377 429 426 compellebat
469 382 518 422 et,
549 387 639 412 cum
678 373 874 423 equitatus
912 380 1044 410 noster
1078 372 1235 410 liberius
1274 371 1489 421 praedandi
1520 387 1534 407 2

168 440 423 490 vastandique
443 452 559 478 causa
588 452 629 477 se
658 438 698 476 in
727 451 839 487 agros
869 437 1045 483 eiecerat,
1068 436 1252 474 omnibus
1279 436 1349 474 viis
1380 435 1490 474 semi-

129 515 146 545 5
167 505 294 555 tisque
315 503 530 543 essedarios
551 517 597 542 ex
617 502 721 541 silvis
744 502 947 540 emittebat
976 509 1013 539 et
1041 515 1183 551 magno
1205 515 1294 539 cum
1316 501 1489 551 periculo

168 577 386 608 nostrorum
417 568 593 618 equitum
623 581 714 605 cum
754 567 808 605 eis
849 566 1085 615 confligebat
1115 574 1234 616 atque
1272 568 1348 604 hoc
1381 574 1489 605 metu

167 635 279 673 latius
295 634 422 685 vagari
438 634 681 684 prohibebat.
726 632 1038 682 Relinquebatur
1060 640 1102 670 ut
1123 645 1251 681 neque
1271 631 1424 681 longius
1441 632 1491 669 ab
1520 644 1536 673 3

166 700 320 750 agmine
341 700 539 750 legionum
556 699 705 738 discedi
722 700 866 738 Caesar
881 705 1085 748 pateretur,
1103 705 1140 736 et
1161 705 1312 735 tantum
1334 697 1373 735 in
1394 697 1493 747 agris

166 767 363 805 vastandis
393 765 664 814 incendiisque
693 764 882 803 faciendis
916 763 1095 802 hostibus
1127 770 1342 810 noceretur,
1376 776 1495 812 quan-

110 849 148 871 10
167 840 250 870 tum
274 833 406 870 labore
432 839 550 881 atque
577 830 712 868 itinere
739 829 937 880 legionarii
967 828 1108 866 milites
1131 829 1282 866 efficere
1303 835 1492 878 poterant.

221 897 383 935 Interim
412 896 686 942 Trinobantes,
718 908 839 944 prope
871 893 1093 931 firmissima
1128 906 1261 931 earum
1292 892 1495 942 regionum
1517 906 1570 934 20

167 963 310 1009 civitas,
347 976 393 1000 ex
422 975 500 1012 qua
535 960 844 999 Mandubracius
886 960 1118 998 adulescens
1158 958 1335 997 Caesaris
1375 959 1494 997 fidem

166 1035 321 1067 secutus
360 1028 410 1066 ad
451 1041 541 1065 eum
585 1026 624 1064 in
666 1025 934 1064 continentem
979 1024 1147 1063 Galliam
1182 1031 1349 1070 venerat,
1388 1024 1497 1061 cuius

166 1100 274 1143 pater
303 1092 342 1130 in
372 1105 418 1130 ea
447 1091 601 1129 civitate
631 1104 793 1140 regnum
826 1090 1049 1129 obtinuerat
1085 1089 1391 1138 interfectusque
1418 1097 1497 1127 erat

108 1173 143 1204 15
165 1171 187 1195 a
228 1157 533 1203 Cassivellauno,
566 1155 648 1205 ipse
689 1156 779 1205 fuga
820 1162 986 1193 mortem
1024 1154 1220 1200 vitaverat,
1260 1155 1407 1203 legatos
1447 1154 1497 1191 ad

166 1224 374 1261 Caesarem
410 1221 568 1259 mittunt
608 1220 921 1270 pollicenturque
963 1232 1048 1257 sese
1079 1218 1115 1256 ei
1147 1218 1349 1257 dedituros
1379 1226 1498 1268 atque

165 1287 352 1336 imperata
394 1287 586 1323 facturos:
636 1292 775 1334 petunt
812 1292 853 1322 ut
895 1283 1227 1322 Mandubracium
1269 1283 1320 1320 ab
1360 1282 1498 1321 iniuria
1521 1301 1534 1322 2

164 1350 446 1390 Cassivellauni
467 1351 654 1389 defendat
681 1358 800 1399 atque
825 1349 864 1387 in
890 1349 1087 1387 civitatem
1117 1348 1244 1386 mittat
1267 1347 1333 1397 qui
1356 1348 1497 1397 praesit

164 1415 450 1466 imperiumque
482 1414 668 1453 obtineat.
744 1414 812 1452 Eis
849 1414 993 1453 Caesar
1032 1413 1195 1462 imperat
1241 1412 1400 1450 obsides
1443 1424 1497 1449 XL
1519 1427 1536 1456 3

106 1498 144 1520 20
164 1482 481 1530 frumentumque
511 1478 705 1525 exercitui,
739 1477 1152 1527 Mandubraciumque
1182 1478 1234 1515 ad
1265 1490 1332 1515 eos
1364 1476 1492 1514 mittit.

166 1545 227 1583 Illi
274 1545 463 1594 imperata
510 1544 684 1582 celeriter
737 1545 924 1589 fecerunt,
975 1542 1134 1582 obsides
1183 1543 1234 1580 ad
1284 1555 1491 1580 numerum
1516 1556 1535 1585 4

164 1611 481 1658 frumentumque
511 1608 709 1647 miserunt.

216 1673 526 1712 Trinobantibus
565 1672 736 1711 defensis
774 1680 894 1722 atque
922 1673 973 1710 ab
1003 1672 1113 1710 omni
1153 1671 1320 1709 militum
1353 1670 1492 1708 iniuria
1515 1680 1560 1708 21

164 1737 379 1787 prohibitis,
408 1737 650 1787 Cenimagni,
676 1736 909 1786 Segonffiaci,
933 1736 1144 1782 Ancalites,
1177 1735 1347 1781 Bibroci,
1383 1734 1495 1774 Cassi

108 1821 144 1853 ²5
164 1802 424 1852 legationibus
454 1802 581 1840 missis
603 1815 687 1840 sese
709 1802 866 1841 Caesari
887 1802 1049 1840 dedunt.
1110 1801 1175 1839 Ab
1206 1800 1260 1838 eis
1293 1799 1496 1849 cognoscit
1519 1813 1533 1833 2

165 1880 245 1905 non
270 1869 386 1917 longe
411 1880 458 1905 ex
486 1880 533 1905 eo
563 1868 652 1905 loco
682 1866 874 1916 oppidum
907 1865 1190 1905 Cassivellauni
1222 1866 1361 1903 abesse
1392 1864 1496 1902 silvis

163 1931 452 1981 paludibusque
482 1931 689 1978 munitum,
713 1944 793 1980 quo
823 1931 914 1969 satis
946 1944 1110 1981 magnus
1142 1929 1350 1969 hominum
1384 1942 1497 1979 peco-

162 1996 291 2045 risque
339 2009 523 2034 numerus
564 1996 799 2034 convenerit.
880 1996 1083 2046 Oppidum
1134 2003 1266 2033 autem
1319 1993 1495 2032 Britanni
1516 2003 1533 2034 3

162 2069 314 2107 vocant,
337 2074 428 2098 cum
458 2060 571 2098 silvas
602 2060 809 2110 impeditas
839 2062 941 2099 vallo
971 2069 1089 2111 atque
1120 2062 1225 2098 fossa
1257 2058 1493 2104 munierunt,

103 2141 142 2171 30
161 2139 241 2176 quo
271 2125 502 2164 incursionis
532 2125 703 2163 hostium
732 2125 913 2165 vitandae
943 2139 1060 2164 causa
1093 2125 1302 2164 convenire
1333 2136 1495 2162 consue-

161 2199 259 2228 runt.
338 2191 398 2228 Eo
438 2190 695 2240 proficiscitur
742 2204 832 2229 cum
882 2191 1101 2241 legionibus
1117 2206 1126 2238 3
1175 2193 1307 2229 locum
1353 2189 1493 2241 reperit
1512 2201 1532 2230 4

160 2255 311 2305 egregie
341 2263 478 2293 natura
506 2262 624 2304 atque
644 2268 761 2304 opere
782 2256 976 2294 munitum
996 2271 1005 2303 3
1035 2264 1166 2294 tamen
1199 2257 1304 2294 hunc
1338 2255 1492 2294 duabus

161 2334 207 2358 ex
236 2320 409 2370 partibus
439 2333 665 2370 oppugnare
686 2320 899 2359 contendit.
962 2322 1109 2359 Hostes
1131 2321 1327 2370 paulisper
1350 2322 1490 2360 morati
1512 2335 1529 2365 5

208 2422 245 2450 14
268 2416 343 2452 post
359 2417 453 2452 pater
475 2412 547 2443 add.
565 2413 820 2444 iniannuetitius
841 2413 891 2443 U:
915 2413 957 2443 ali
978 2413 982 2454 Ι
1005 2413 1117 2443 inlano
1138 2413 1142 2454 Ι
1165 2414 1251 2444 uitus
1269 2413 1301 2443 Β
1318 2425 1428 2454 marg.
