1706 2729
415 149 489 185 DE
519 148 699 185 BELLO
728 148 974 187 GALLICO
1004 150 1105 187 LIB.
1140 150 1157 186 I

124 257 243 294 altera
273 263 380 306 parte
418 255 526 294 tertia
570 257 772 305 Sequanos
810 257 1001 294 decedere
1039 257 1198 304 iuberet,
1240 265 1443 309 propterea

124 321 232 370 quod
252 319 383 371 paucis
404 319 603 358 mensibus
623 326 713 358 ante
735 321 944 359 Harudum
965 320 1070 359 milia
1090 322 1295 360 hominum
1316 335 1440 360 xxi111

121 385 171 422 ad
201 397 290 422 eum
317 383 520 430 venissent,
545 383 686 433 quibus
718 385 826 422 locus
857 398 902 422 ac
934 386 1045 423 sedes
1077 394 1309 436 pararentur.
1370 389 1442 425 Fu·
1465 400 1499 422 11

121 456 249 486 turum
287 462 371 486 esse
407 448 540 498 paucis
582 448 693 486 annis
736 448 790 486 uti
830 462 967 488 omnes
1013 463 1058 488 ex
1101 450 1250 489 Galliae
1297 451 1441 489 finibus

82 526 99 557 5
119 514 351 563 pellerentur
393 520 510 562 atque
558 526 695 550 omnes
744 513 927 551 Germani
978 515 1164 552 Rhenum
1211 515 1439 554 transirent:

118 589 245 625 neque
265 575 369 614 enim
390 577 671 614 conferendum
704 589 787 615 esse
820 577 1013 615 Gallicum
1041 591 1130 615 cum
1152 579 1437 616 Germanorum

115 652 206 688 agro
229 653 357 689 neque
385 641 484 678 hanc
514 640 838 679 consuetudinem
866 641 989 680 victus
1010 655 1099 680 cum
1123 642 1187 680 illa
1213 656 1438 693 comparan-

115 705 215 742 dam.
275 704 512 742 Ariovistum
533 713 674 752 autern,
698 713 739 742 ut
766 707 885 743 semel
914 708 1115 744 Gallorum
1135 707 1267 757 copias
1288 707 1436 757 proelio
1459 725 1496 746 12

113 768 254 815 vicerit,
278 770 386 818 quod
414 769 604 818 proelium
634 771 779 807 factum
809 770 856 807 sit
883 771 1246 821 Admagetobrigae‚
1270 773 1437 822 superbe

59 847 95 868 10
113 840 151 870 et
171 832 377 871 crudeliter
403 833 601 883 imperare,
625 834 783 872 obsides
813 834 1045 873 nobilissimi
1075 836 1264 885 cuiusque
1293 836 1435 874 liberos

112 910 282 947 poscere,
319 904 357 935 et
391 897 429 935 in
464 911 530 936 eos
562 898 694 936 omnia
725 900 902 948 exempla
939 900 1210 950 cruciatusque
1241 901 1366 947 edere,
1403 901 1432 939 si

111 975 188 1011 qua
221 975 279 999 res
317 975 397 1000 non
426 963 476 1001 ad
506 970 645 1000 nutum
676 971 742 1001 aut
775 965 825 1001 ad
855 965 1096 1002 voluntatem
1128 964 1210 1003 eius
1241 966 1342 1004 facta
1373 965 1430 1003 sit.

112 1025 329 1063 Hominem
368 1039 452 1063 esse
491 1026 708 1073 barbarum,
753 1027 993 1075 iracundum,
1035 1028 1304 1067 temerarium:
1352 1043 1432 1067 non
1458 1041 1493 1071 13

110 1102 224 1138 posse
254 1088 336 1126 eius
364 1088 523 1139 imperia
550 1090 694 1128 diutius
719 1090 917 1130 sustinere.
978 1092 1063 1130 Nisi
1090 1092 1185 1142 quid
1205 1092 1245 1130 in
1267 1094 1432 1132 Caesare
1454 1110 1492 1142 14

53 1167 89 1199 15
110 1154 335 1202 populoque
371 1155 554 1191 Romano
592 1154 640 1191 sit
678 1154 802 1201 auxili,
837 1155 1020 1193 omnibus
1055 1156 1176 1194 Gallis
1208 1156 1313 1195 idem
1348 1171 1432 1196 esse

110 1216 331 1255 faciendum
377 1218 485 1266 quod
536 1218 708 1256 Helvetii
760 1218 929 1265 fecerint,
976 1227 1017 1257 ut
1061 1221 1182 1258 domo
1229 1220 1428 1271 emigrent,

107 1280 213 1318 aliud
243 1280 497 1327 domicilium,
531 1281 623 1319 alias
662 1283 774 1320 sedes
804 1291 970 1321 remotas
1003 1297 1026 1320 a
1060 1284 1265 1322 Germanis
1296 1292 1430 1334 petant

107 1345 380 1393 fortunamque
419 1358 691 1395 quaecumque
729 1346 881 1384 accidat
919 1347 1171 1397 experiantur.
1246 1350 1360 1387 Haec
1398 1349 1429 1387 si
1454 1362 1487 1391 15

105 1407 304 1445 enuntiata
337 1408 532 1447 Ariovisto
567 1409 651 1456 sint,
693 1423 773 1447 non
807 1410 985 1449 dubitare
1023 1411 1118 1460 quin
1155 1413 1206 1450 de
1244 1412 1428 1451 omnibus

47 1488 86 1509 20
105 1471 308 1510 obsidibus
353 1472 420 1522 qui
464 1474 570 1522 apud
618 1487 707 1511 eum
755 1473 831 1512 sint
877 1475 1143 1524 gravissimum
1192 1476 1426 1526 supplicium

104 1543 239 1574 sumat.
300 1537 508 1575 Caesarem
538 1539 597 1575 vel
627 1537 855 1576 auctoritate
893 1552 963 1577 sua
995 1546 1113 1589 atque
1147 1540 1336 1579 exercitus
1366 1543 1425 1580 vel
1449 1550 1487 1581 16

103 1599 247 1637 recenti
274 1599 433 1638 victoria
457 1602 516 1639 vel
544 1601 704 1639 nomine
731 1603 864 1652 populi
887 1604 1057 1642 Romani
1087 1605 1279 1643 deterrere
1310 1619 1425 1656 posse

101 1677 151 1702 ne
177 1663 299 1702 maior
330 1664 540 1703 multitudo
567 1667 852 1704 Germanorum
874 1668 1059 1705 Rhenum
1080 1670 1312 1716 traducatur,
1337 1671 1425 1709 Gal-

101 1727 272 1777 liamque
292 1741 450 1767 ornnem
471 1729 521 1767 ab
543 1729 725 1767 Ariovisti
746 1729 884 1768 iniuria
903 1744 1018 1780 posse
1038 1733 1259 1771 defendere.

63 1831 77 1839 υ
156 1794 245 1830 Hac
276 1792 450 1831 oratione
480 1793 531 1831 ab
562 1793 764 1832 Diviciaco
798 1794 940 1841 habita,
981 1808 1117 1834 omnes
1156 1796 1224 1846 qui
1261 1798 1422 1836 aderant
1443 1809 1494 1845 32

100 1869 242 1906 magno
262 1857 354 1894 fletu
374 1856 558 1895 auxilium
579 1870 601 1894 a
622 1858 788 1896 Caesare
808 1866 939 1907 petere
955 1868 1176 1909 coeperunt.
1236 1862 1422 1901 Animad—
1442 1878 1458 1898 2

99 1919 211 1957 vertit
232 1921 374 1959 Caesar
393 1934 492 1959 unos
519 1934 566 1959 ex
591 1920 774 1959 omnibus
801 1923 1003 1972 Sequanos
1024 1924 1119 1962 nihil
1140 1938 1272 1963 earum
1293 1940 1419 1965 rerum

99 1984 223 2022 facere
252 1997 348 2033 quas
374 1984 491 2022 ceteri
514 1985 684 2023 facerent
708 1986 777 2024 sed
804 1985 919 2024 tristis
942 1987 1069 2037 capite
1089 1989 1260 2027 demisso
1280 1996 1419 2029 terram

97 2046 246 2085 intueri.
307 2047 402 2085 Eius
428 2047 481 2086 rei
507 2061 608 2098 quae
627 2062 744 2087 causa
763 2056 864 2088 esset
884 2050 1042 2089 miratus
1063 2066 1109 2090 ex
1129 2052 1220 2102 ipsis
1241 2056 1416 2103 quaesiit.

40 2129 78 2158 30
98 2111 206 2149 Nihil
244 2111 415 2162 Sequani
454 2114 698 2163 respondere,
741 2115 810 2152 sed
848 2113 888 2152 in
927 2116 1065 2154 eadem
1113 2116 1265 2155 tristitia
1311 2120 1456 2158 tacitis

96 2189 332 2225 permanere.
391 2177 494 2216 Cum
524 2177 574 2215 ab
606 2177 664 2215 his
703 2177 855 2228 saepius
893 2187 1094 2228 quaereret
1131 2194 1260 2230 neque
1298 2183 1415 2219 ullam

95 2239 258 2278 omnino
288 2253 425 2279 vocem
460 2241 672 2291 exprimere
702 2250 842 2291 posset,
873 2242 978 2281 idem
1008 2242 1230 2281 Diviciacus
1252 2247 1415 2284 Aeduus

136 2351 158 2380 9
181 2341 454 2382 admagetobrige
486 2342 553 2373 A‘:
587 2344 859 2383 admagetobriae
891 2346 944 2376 R:
979 2347 1020 2377 ad
1053 2347 1258 2387 mag&obrie
1285 2347 1336 2380 B:
1372 2349 1414 2379 ad

96 2385 334 2422 magetobriam
352 2385 414 2415 cod.
441 2384 573 2416 Vindob.
593 2397 657 2426 95:
680 2388 722 2418 ad
739 2389 1000 2428 magetobrigam
1020 2389 1121 2421 Gluck
1267 2400 1307 2430 27
1331 2401 1415 2422 unos

96 2427 186 2459 codd.
205 2427 469 2459 Barbcrim'anus
489 2428 624 2459 Vindob.
642 2429 712 2461 IV:
739 2440 825 2462 unus
842 2430 878 2461 X
1289 2476 1327 2506 2*
