1768 2739
836 188 881 224 A.
918 188 1085 225 HIRTI

287 295 404 334 ceteri
421 295 525 335 enim
542 309 660 346 quam
676 297 778 336 bene
794 304 911 347 atque
927 298 1145 344 emendate,
1161 310 1233 336 nos
1249 296 1365 336 etiarn
1382 311 1500 348 quam
1514 297 1626 336 facile

253 371 268 405 7
286 369 404 411 atque
425 361 599 400 celeriter
619 375 686 401 eos
707 362 909 413 perfecerit
925 362 1079 401 scimus
1132 364 1225 401 Erat
1244 371 1375 402 autem
1396 364 1436 402 in
1457 364 1625 403 Caesare

287 439 377 465 cum
394 428 555 466 facultas
575 435 693 478 atque
713 427 903 478 elegantia
924 442 1076 466 summa
1097 427 1303 475 scribendi,
1323 436 1406 467 tum
1426 427 1626 467 verissima

250 498 267 527 S
287 491 448 530 scientia
469 505 627 531 suorum
649 492 901 531 consiliorum
932 492 1265 543 explicandorum.
1329 492 1430 531 Mihi
1457 506 1507 532 ne
1526 492 1624 531 illud

286 556 447 605 quidem
476 557 628 604 accidit,
654 565 695 595 ut
725 557 991 597 Alexandrino
1011 566 1130 609 atque
1160 558 1347 597 Africano
1376 559 1481 597 bello
1510 557 1624 597 inter-
1643 565 1660 596 5

285 634 436 669 essem;
484 636 585 672 quae
623 624 725 661 bella
773 637 1013 674 quamquam
1062 638 1107 662 ex
1146 631 1253 674 parte
1291 623 1406 663 nobis
1446 623 1622 664 Caesaris

285 699 465 725 sermone
499 695 589 726 sunt
623 695 726 735 nota,
761 696 892 727 tamen
927 689 1035 727 aliter
1069 688 1251 728 audimus
1284 703 1328 728 ea
1362 703 1462 739 quae
1494 703 1622 728 rerum

284 751 457 790 novitate
485 759 552 790 aut
581 752 839 792 admiratione
869 767 940 792 nos
971 753 1141 804 capiunt,
1164 754 1273 793 aliter
1293 767 1394 804 quae
1423 767 1493 804 pro
1520 753 1623 792 testi-

246 829 265 860 9
286 815 421 854 monio
442 830 576 855 sumus
598 816 748 856 dicturi.
809 819 886 856 Sed
917 831 989 868 ego
1018 817 1203 856 nimirum
1233 819 1329 857 dum
1355 817 1484 857 omnis
1511 831 1623 857 excu-

284 880 443 919 sationis
473 894 609 920 causas
643 881 785 932 colligo
816 896 865 920 ne
899 896 989 920 cum
1023 884 1190 922 Caesare
1220 883 1407 929 conferar,
1430 884 1506 921 hoc
1535 882 1621 932 ipso
1644 894 1682 916 10

284 944 431 984 crimen
469 945 710 996 arrogantiae
752 947 885 994 subeo,
928 948 1037 997 quod
1084 961 1147 986 me
1194 946 1341 986 iudicio
1388 947 1620 998 cuiusquam

284 1009 502 1049 existimem
523 1024 639 1061 posse
660 1024 751 1050 curn
773 1013 940 1052 Caesare
960 1012 1186 1062 comparari.
1247 1013 1355 1051 Vale.

248 1112 264 1138 1
337 1108 455 1146 OMN1
498 1108 624 1146 Gallia
662 1108 825 1156 devicta,
864 1110 1008 1149 Caesar
1046 1123 1136 1147 cum
1175 1123 1198 1148 a
1236 1108 1433 1160 superiore
1471 1116 1618 1148 aestate

282 1173 433 1210 nullum
454 1172 627 1212 bellandi
648 1180 803 1223 tempus
832 1173 1100 1212 intermisisset
1122 1173 1342 1223 militesque
1363 1173 1617 1212 hibernorum

281 1237 413 1286 quiete
442 1239 599 1277 reficere
628 1252 651 1276 a
685 1238 800 1277 tantis
832 1238 1031 1278 laboribus
1062 1240 1189 1286 vellet,
1220 1239 1442 1289 complures
1474 1239 1617 1277 eodem
1639 1251 1677 1283 15

282 1309 458 1352 tempore
482 1302 656 1342 civitates
686 1316 872 1342 renovare
901 1303 993 1342 belli
1024 1303 1185 1342 consilia
1216 1302 1497 1341 nuntiabantur
1527 1316 1617 1342 con-

244 1385 259 1406 2
281 1366 571 1418 iurationesque
604 1369 741 1407 facere.
802 1368 924 1408 Cuius
958 1368 1011 1407 rei
1043 1368 1121 1407 veri
1156 1368 1290 1406 similis
1322 1381 1439 1406 causa
1471 1369 1617 1407 adfere-

280 1432 403 1479 batur,
446 1433 553 1481 quod
594 1432 715 1471 Gallis
754 1432 938 1471 omnibus
977 1432 1178 1483 cognitum
1218 1440 1319 1471 esset
1361 1445 1492 1482 neque
1539 1434 1616 1471 ulla

280 1495 531 1535 multitudine
561 1496 601 1534 in
631 1511 753 1535 unum
786 1499 918 1536 locum
950 1505 1087 1536 coacta
1118 1496 1242 1536 resisti
1275 1510 1391 1548 posse
1423 1497 1616 1535 Romanis

279 1575 362 1608 nec,
387 1561 418 1599 si
447 1561 599 1600 diversa
628 1562 731 1600 bella
760 1563 982 1612 complures
1012 1563 1154 1601 eodem
1185 1569 1363 1612 tempore
1395 1561 1616 1600 intulissent
1637 1577 1675 1598 20

279 1625 465 1673 civitates,
488 1626 579 1664 satis
599 1626 716 1664 auxili
736 1634 803 1664 aut
824 1626 923 1677 spati
942 1634 1009 1664 aut
1030 1626 1231 1677 copiarum
1261 1626 1486 1665 habiturum
1514 1640 1616 1665 exer-

242 1690 400 1736 3citum
435 1690 570 1741 populi
606 1690 778 1729 Romani
812 1692 863 1730 ad
898 1690 1030 1729 omnia
1068 1692 1364 1741 persequenda,
1411 1704 1491 1729 non
1530 1704 1615 1729 esse

277 1763 409 1794 autem
440 1755 556 1794 alicui
589 1755 734 1794 civitati
761 1763 906 1795 sortem
933 1756 1177 1795 incommodi
1198 1756 1466 1803 recusandam,
1490 1755 1521 1794 si
1548 1755 1615 1806 tali

278 1834 386 1859 mora
405 1820 577 1870 reliquae
597 1828 758 1871 possent
777 1834 818 1859 se
839 1820 1036 1860 vindicare
1056 1821 1096 1859 in
1117 1820 1346 1859 libertatem.

332 1887 447 1934 Quae
485 1899 534 1924 ne
577 1885 711 1936 opinio
764 1888 967 1925 Gallorum
1013 1887 1317 1933 confirmaretur,
1359 1886 1504 1925 Caesar
1554 1887 1609 1923 M.
1634 1901 1671 1933 25

277 1950 496 1989 Antonium
518 1958 765 2001 quaestorem
787 1951 865 1989 suis
893 1950 1077 2001 praefecit
1104 1950 1277 1989 hibernis
1293 1965 1303 1998 3
1331 1950 1414 2000 ipse
1434 1949 1611 2000 equitum

277 2015 471 2066 praesidio
492 2015 617 2065 pridie
640 2018 727 2054 Kal.
754 2016 954 2054 Ianuarias
983 2017 1033 2054 ab
1063 2015 1212 2066 oppido
1240 2015 1422 2054 Bibracte
1442 2014 1612 2065 proficis-

277 2079 376 2118 citur
395 2081 446 2119 ad
466 2080 661 2130 legionem
679 2093 781 2128 xm„
802 2094 920 2131 quarn
941 2094 1021 2119 non
1042 2082 1157 2130 longe
1176 2093 1198 2118 a
1220 2079 1363 2118 finibus
1379 2080 1610 2118 Aeduorum

276 2146 533 2183 collocaverat
563 2144 603 2183 in
634 2145 777 2184 finibus
808 2145 1036 2195 Biturigum,
1067 2144 1182 2194 eique
1211 2144 1387 2194 adiungit
1416 2143 1610 2194 legionem

241 2226 255 2247 2
277 2210 539 2257 undecimam,
582 2224 682 2261 quae
720 2210 896 2260 proxima
934 2212 1067 2249 fuerat,
1127 2209 1238 2248 Binis
1285 2208 1512 2248 cohortibus
1558 2209 1609 2247 ad
1629 2219 1670 2250 30

277 2274 560 2325 impedimenta
580 2277 727 2315 tuenda
748 2275 899 2323 relictis,
920 2276 1112 2326 reliquum
1134 2274 1345 2315 exercitum
1366 2273 1405 2312 in
1426 2273 1610 2324 copiosis-

276 2339 395 2379 simos
416 2353 527 2391 agros
550 2339 768 2390 Biturigum
792 2340 954 2389 inducit,
977 2340 1055 2391 qui,
1078 2354 1169 2379 cum
1200 2342 1298 2379 latos
1326 2339 1413 2378 finis
1440 2346 1479 2377 et
1505 2352 1608 2378 com-

234 1893 259 1921 N>

321 2452 339 2471 2
365 2442 601 2481 perscripserit
621 2441 711 2474 Suet.
729 2442 804 2474 Dt'v.
827 2443 944 2483 Iul.56
1052 2453 1090 2473 10
1115 2443 1224 2482 ipsum
1241 2453 1261 2472 α
1377 2451 1417 2481 19
1441 2440 1605 2471 Romanis

275 2484 322 2522 J:
345 2486 512 2516 aromanis
529 2485 566 2515 X
697 2487 738 2516 28
762 2496 824 2517 xm
846 2486 1047 2517 Glareanus:
1072 2485 1302 2517 duodecimam
1319 2495 1360 2516 a:
1384 2493 1434 2515 ΧΗ
1451 2486 1475 2519 β
