1768 2739
152 445 198 473 10

640 135 683 172 C.
719 134 833 171 IVLI
866 135 1134 172 CAESARIS

224 244 318 291 vios,
342 246 568 291 Namnetes,
593 243 838 290 Ambiliatos,
864 244 1051 290 Morinos,
1080 244 1310 290 Diablintes,
1342 244 1550 295 Menapios

223 309 444 357 asciscunt,
491 308 631 347 auxilia
661 323 707 347 ex
737 308 947 355 Britannia,
980 322 1080 358 quae
1115 316 1249 347 contra
1280 323 1344 348 eas
1375 309 1550 360 regiones

221 374 348 425 posita
369 383 436 422 est,
459 382 668 413 arcessunt.

278 442 398 477 Erant
426 441 499 477 hae
523 439 769 478 difficultates
798 438 889 477 belli
918 438 1078 489 gerendi
1111 452 1206 489 quas
1237 452 1352 489 supra
1381 438 1550 478 ostendi-

223 519 320 553 rnuS,
350 506 419 544 sed
447 507 568 544 multa
593 507 801 544 Caesarem
832 513 963 543 tamen
992 506 1043 544 ad
1070 504 1110 543 id
1138 506 1283 543 bellum
1311 504 1549 543 incitabant:

223 570 383 609 iniuriae
405 578 642 610 retentorum
665 570 841 620 equiturn
864 572 1147 616 Romanorum,
1166 569 1325 608 rebellio
1347 571 1447 608 facta
1462 577 1551 620 post

223 635 478 682 deditionem,
519 634 688 674 defectio
731 634 831 673 datis
870 633 1085 681 obsidibus,
1127 642 1184 672 tot
1222 634 1421 672 civitatum
1462 648 1552 673 con-

222 700 372 747 iuratio,
404 701 442 739 in
468 700 601 751 primis
635 714 685 738 ne
719 701 792 737 hac
823 707 932 749 parte
963 700 1139 749 neglecta
1171 698 1341 748 reliquae
1372 699 1550 737 nationes

223 765 297 805 sibi
335 765 440 805 idem
484 765 599 804 licere
637 764 920 803 arbitrarentur.
1001 766 1140 813 Itaque
1179 778 1269 801 cum
1312 763 1551 814 intellegeret

194 850 197 851 ⁷
223 830 352 869 omnis
385 833 460 870 sere
489 832 623 869 Gallos
650 829 760 868 novis
790 830 905 868 rebus
933 830 1089 868 studere
1117 837 1154 867 et
1180 830 1231 867 ad
1258 829 1405 867 bellum
1431 828 1552 868 mobi-

166 1167 200 1193 11

224 895 309 934 liter
353 896 605 945 celeriterque
648 893 815 941 excitari,
857 893 985 932 omnis
1027 901 1157 932 autem
1199 893 1378 931 homines
1417 902 1553 931 natura

224 960 391 999 libertati
433 961 589 999 studere
634 967 672 998 et
710 958 985 997 condicionem
1029 957 1220 996 servitutis
1266 957 1405 1004 odisse,
1448 957 1552 1007 prius

224 1039 342 1075 quam
364 1027 492 1076 plures
513 1025 688 1063 civitates
710 1023 986 1074 conspirarent,
1009 1022 1258 1073 partiendum
1281 1022 1354 1061 sibi
1374 1036 1419 1061 ac
1441 1022 1552 1061 latius

223 1090 538 1129 distribuendum
561 1089 772 1128 exercitum
794 1088 952 1139 putavit.

279 1157 418 1205 Itaque
448 1157 492 1192 T.
529 1153 747 1192 Labienum
780 1155 948 1203 legatum
980 1153 1019 1191 in
1053 1155 1255 1199 Treveros,
1288 1152 1354 1203 qui
1389 1151 1553 1203 proximi

184 1233 197 1253 z
222 1220 374 1258 flumini
413 1221 554 1258 Rheno
587 1227 687 1265 sunt,
722 1232 811 1257 cum
844 1218 1020 1268 equitatu
1053 1218 1179 1255 mittit.
1242 1217 1349 1256 Huic
1379 1218 1550 1263 mandat,

183 1445 200 1462 Ο

181 1688 200 1717 4

182 1815 198 1845 5

159 2132 202 2160 12

224 1287 372 1323 Remos
398 1285 647 1335 reliquosque
670 1285 808 1334 Belgas
833 1284 947 1322 adeat
973 1290 1091 1332 atque
1118 1282 1157 1319 in
1185 1282 1314 1320 officio
1341 1281 1551 1327 contineat,

222 1352 530 1399 Germanosque,
565 1348 631 1398 qui
661 1348 804 1386 auxilio
832 1362 856 1386 a
886 1347 1015 1398 Belgis
1046 1347 1216 1384 arcessiti
1248 1347 1489 1392 dicebantur,
1521 1345 1551 1383 si

188 1433 198 1443 τ
220 1429 289 1465 per
322 1414 400 1453 vim
437 1413 600 1451 navibus
633 1414 779 1451 flumen
811 1411 970 1450 transire
999 1420 1201 1457 conentur,
1233 1411 1447 1461 prohibeat.
1508 1413 1549 1447 P.

223 1482 407 1519 Crassum
439 1492 528 1516 cum
561 1477 788 1515 cohortibus
819 1476 1036 1527 legionariis
1065 1488 1123 1513 xil
1154 1484 1191 1514 et
1219 1490 1361 1526 magno
1388 1489 1553 1513 numero
1574 1486 1588 1507 2

222 1543 417 1594 equitatus
448 1543 486 1580 in
513 1542 765 1592 Aquitaniam
790 1541 983 1592 proficisci
1008 1541 1127 1587 iubet,
1150 1555 1199 1579 ne
1227 1555 1272 1579 ex
1302 1541 1361 1578 his
1390 1539 1552 1579 nationi-

221 1610 294 1647 bus
333 1607 473 1646 auxilia
508 1607 546 1645 in
578 1607 745 1645 Galliam
777 1606 978 1644 mittantur
1012 1620 1057 1643 ac
1096 1614 1226 1643 tantae
1255 1605 1433 1644 nationes
1463 1619 1554 1643 con-

223 1673 439 1724 iungantur.
502 1674 549 1721 Q.
575 1671 769 1710 Titurium
799 1671 988 1710 Sabinum
1021 1672 1190 1721 legatum
1218 1684 1309 1709 cum
1333 1670 1553 1721 legionibus

224 1738 345 1777 tribus
370 1738 408 1775 in
435 1739 471 1774 V
474 1738 632 1783 eneHOS,
657 1735 911 1776 Curiosolitas
935 1735 1206 1785 Lexoviosque
1227 1735 1354 1783 mittit,
1378 1735 1444 1786 qui
1465 1749 1551 1773 eam

1577 841 1614 862 10

1595 1485 1613 1505 0

225 1817 385 1842 manum
407 1802 672 1841 distinendam
693 1808 811 1840 curet.
873 1803 920 1839 D.
946 1803 1111 1838 Brutum
1127 1802 1422 1839 adulescentem
1439 1799 1551 1838 classi
1576 1813 1611 1843 :5

225 1867 463 1917 Gallicisque
496 1866 671 1913 navibus,
704 1879 800 1916 quas
838 1879 885 1904 ex
923 1865 1153 1904 Pictonibus
1184 1872 1222 1903 et
1256 1864 1439 1904 Santonis
1471 1864 1553 1902 reli-

223 1933 389 1983 quisque
424 1931 570 1982 pacatis
606 1930 828 1981 regionibus
860 1929 1070 1968 convenire
1102 1929 1273 1977 iusserat,
1308 1929 1483 1980 praeficit
1514 1936 1552 1967 et

223 2011 313 2036 cum
344 1996 513 2047 primurn
544 2003 676 2046 posset
706 1995 745 2032 in
775 1997 950 2033 Venetos
979 1994 1174 2044 proficisci
1204 1994 1322 2034 iubet.
1384 1997 1475 2045 Ipse
1505 2007 1552 2032 eo

223 2061 468 2112 pedestribus
491 2060 613 2111 copiis
633 2059 847 2098 contendit.

279 2129 399 2165 Erant
420 2124 613 2165 eiusmodi
634 2126 712 2163 fere
733 2124 828 2162 situs
849 2124 1085 2174 oppidorum
1103 2132 1144 2162 ut
1164 2123 1291 2174 posita
1310 2123 1351 2162 in
1371 2123 1550 2162 extremis
1573 2131 1612 2161 30

223 2192 376 2242 lingulis
411 2189 770 2242 promunturiisque
804 2203 933 2239 neque
966 2189 1135 2239 pedibus
1165 2189 1316 2228 aditum
1348 2189 1549 2234 haberent,

223 2271 313 2295 curn
335 2271 381 2295 ex
406 2258 485 2295 alto
512 2270 553 2294 se
579 2263 709 2294 aestus
736 2254 984 2301 incitavisset‚
1008 2255 1115 2304 quod
1139 2253 1199 2292 bis
1219 2253 1372 2292 accedit
1396 2267 1551 2303 semper

223 2322 403 2360 horarum
435 2333 494 2358 xll
526 2320 664 2370 spatio,
691 2334 819 2370 neque
850 2319 1025 2365 navibus,
1056 2319 1163 2369 quod
1191 2332 1318 2357 rursus
1349 2317 1550 2356 minuente

509 2435 550 2463 32
574 2425 624 2455 bis
638 2424 709 2454 aT:
737 2424 776 2455 iis
797 2424 828 2454 U
914 2423 1043 2454 accedit
1060 2434 1080 2453 α
1097 2433 1103 2453 :
1129 2421 1249 2453 accidit
1265 2424 1288 2456 β
