1706 2729
430 136 504 172 DE
536 134 716 172 BELLO
747 135 992 173 GALLICO
1023 135 1124 172 LIB.
1158 135 1176 172 I

140 243 333 295 designari
367 243 583 290 sentiebat3
627 245 707 289 sed,
743 245 852 292 quod
886 244 1061 293 pluribus
1094 245 1364 294 praesentibus
1398 260 1464 284 eas

141 323 199 347 res
247 308 378 347 iactari
417 308 587 353 nolebat,
628 307 803 346 celeriter
840 308 1051 346 concilium
1091 309 1261 356 dimittit,
1305 309 1462 349 Liscum
1509 355 1516 360 -

141 373 288 411 retinet.
360 372 522 421 Quaerit
561 386 607 410 ex
645 374 730 410 solo
764 386 810 411 ea
848 386 948 422 quae
987 372 1026 410 in
1066 383 1262 412 conventu
1302 374 1459 412 dixerat.
1489 387 1503 406 2

142 436 247 475 Dicit
284 435 442 474 liberius
479 444 598 486 atque
635 436 833 475 audacius.
913 438 1064 475 Eadem
1103 446 1252 476 secreto
1290 439 1341 476 ab
1379 439 1463 477 aliis

101 515 119 546 5
140 500 288 551 quaerit
304 515 314 548 3
366 501 506 550 reperit
553 514 639 539 esse
686 515 797 539 vera:
854 501 981 550 ipsum
1030 515 1114 540 esse
1164 503 1462 553 Dumnorigem,
1489 521 1507 550 3

140 578 293 604 summa
319 564 494 612 audacia,
518 578 660 614 magna
688 566 794 614 apud
824 566 981 614 plebem
1009 574 1166 615 propter
1193 566 1463 606 liberalitatem

138 628 268 679 gratia,
291 628 480 679 cupidum
501 643 628 668 rerum
649 643 848 668 novarum.
906 630 1129 680 Compluris
1149 645 1274 670 annos
1295 632 1465 681 portoria

139 692 366 743 reliquaque
407 692 540 731 omnia
583 694 812 732 Aeduorum
852 693 1053 743 vectigalia
1092 708 1209 744 parvo
1248 696 1373 745 pretio
1412 711 1466 735 re-

139 758 300 808 dempta
333 758 488 806 habere,
525 766 729 808 propterea
762 760 871 808 quod
906 759 971 797 illo
1011 759 1152 798 licente
1190 769 1325 799 contra
1359 761 1466 800 liceri

83 837 121 859 10
138 823 282 860 audeat
301 835 429 861 nemo.
491 822 567 860 His
595 823 709 860 rebus
743 831 781 861 et
813 836 923 861 suam
951 837 1031 862 rem
1060 824 1287 862 familiarem
1313 825 1464 865 auxisse
1487 845 1506 873 4

139 895 177 926 et
203 888 405 926 facultates
429 889 480 926 ad
510 887 752 938 largiendum
783 902 942 939 magnas
973 902 1243 939 comparasse,
1278 904 1463 941 magnum
1489 908 1504 938 5

138 965 345 990 numerum
383 952 579 1002 equitatus
614 967 685 991 suo
720 962 878 1003 sumptu
914 967 1067 1004 semper
1105 955 1207 992 alere
1247 962 1284 993 et
1318 954 1463 993 circum

139 1029 180 1053 se
210 1016 378 1063 habere3
426 1031 554 1066 neque
585 1019 713 1056 solum
745 1018 853 1057 domi
884 1019 952 1057 secl
988 1018 1105 1057 etiam
1140 1020 1246 1069 apud
1281 1019 1464 1058 finitimas
1488 1028 1507 1058 6

139 1079 312 1119 civitates
333 1081 486 1130 largiter
506 1095 620 1131 posse
635 1097 644 1130 3
673 1092 791 1132 atque
812 1083 926 1121 huius
949 1084 1146 1133 potentiae
1163 1098 1280 1123 causa
1301 1093 1465 1124 matrem

82 1158 117 1190 15
139 1143 178 1182 in
201 1144 437 1195 Biturigibus
459 1146 609 1184 homini
630 1146 706 1184 illic
729 1147 973 1186 nobilissimo
993 1162 1039 1186 ac
1060 1149 1333 1198 potentissimo
1351 1152 1466 1188 collo-

139 1222 257 1255 casse,
307 1208 435 1258 ipsum
475 1224 520 1248 ex
568 1210 759 1248 Helvetiis
800 1225 958 1250 uxorem
1005 1212 1158 1259 habere,
1209 1226 1380 1252 sororem
1421 1228 1506 1262 ex7

139 1281 260 1310 matre
293 1282 332 1311 et
365 1274 603 1324 propinquas
633 1288 721 1312 suas
756 1284 921 1324 nuptum
954 1276 991 1313 iu
1023 1276 1116 1314 alias
1147 1277 1320 1316 civitates
1351 1280 1468 1317 collo-

138 1349 255 1374 casse.
317 1339 461 1375 Favere
481 1346 519 1376 et
541 1351 682 1387 cupere
706 1339 898 1377 Helvetiis
920 1348 1077 1389 propter
1098 1354 1183 1378 eam
1209 1341 1464 1389 adfinitatem,
1489 1353 1506 1379 8

138 1400 267 1439 odisse
309 1401 426 1440 etiam
465 1416 536 1440 suo
575 1403 735 1441 nomine
775 1405 983 1442 Caesarem
1024 1413 1061 1443 et
1101 1406 1317 1452 Romanos,
1361 1408 1469 1455 quod

81 1479 120 1501 20
137 1479 273 1504 eorum
296 1468 467 1505 adventu
492 1467 668 1516 potentia
695 1467 776 1505 eius
809 1468 1012 1506 deminuta
1043 1477 1080 1507 et
1107 1469 1330 1508 Diviciacus
1355 1472 1470 1509 frater

137 1530 178 1568 in
197 1531 403 1580 antiquum
424 1533 555 1569 locum
582 1532 726 1582 gratiae
755 1541 874 1582 atque
899 1533 1057 1571 honoris
1086 1533 1134 1571 sit
1159 1534 1367 1573 restitutus.
1430 1535 1469 1573 Si
1488 1546 1507 1576 9

137 1595 234 1645 quid
271 1595 423 1634 accidat
462 1596 664 1644 Romanis,
702 1610 896 1635 summam
936 1598 975 1635 in
1015 1611 1124 1648 spem
1160 1612 1229 1648 per
1263 1599 1469 1638 Helvetios

137 1659 245 1710 regni
273 1660 479 1699 obtinendi
503 1661 656 1700 venire:
687 1661 850 1711 imperio
875 1662 1011 1712 populi
1040 1663 1213 1701 Romani
1238 1677 1318 1703 non
1347 1666 1469 1703 modo

139 1725 189 1762 de
217 1738 337 1775 regno
366 1726 436 1764 sed
461 1725 579 1763 etiam
608 1727 659 1764 de
697 1739 743 1764 ea
772 1740 891 1777 quam
921 1728 1065 1765 habeat
1095 1727 1216 1777 gratia
1247 1729 1464 1778 desperare.

81 1801 119 1833 25
140 1788 376 1838 Reperiebat
414 1789 532 1827 etiam
577 1789 617 1827 in
662 1793 888 1840 quaerendo
928 1793 1082 1838 Caesar,
1125 1794 1233 1842 quod
1273 1793 1465 1842 proelium
1490 1807 1526 1830 ιο

138 1861 317 1903 equestre
336 1855 543 1892 adversum
563 1855 697 1904 paucis
721 1864 812 1894 ante
836 1855 975 1895 diebus
999 1864 1101 1895 esset
1128 1858 1285 1905 factum,
1312 1857 1465 1898 initium

138 1917 221 1958 eius
240 1919 354 1967 fugae
380 1920 528 1957 factum
554 1932 577 1956 a
605 1920 849 1970 Dumnorige
874 1929 993 1970 atque
1020 1921 1102 1959 eius
1131 1921 1328 1971 equitibus
1359 1923 1467 1973 (nam

138 1981 328 2030 equitatui
373 1995 491 2032 quem
549 1983 692 2022 auxilio
743 1984 900 2023 Caesari
943 1985 1073 2024 Aedui
1119 1986 1304 2024 miserant
1346 1989 1468 2025 Dum-

138 2045 248 2084 norix
268 2047 484 2096 praeerat):
513 2060 649 2086 eorum
679 2049 769 2099 fuga
800 2048 992 2100 reliquum
1022 2064 1107 2089 esse
1140 2050 1357 2100 equitatum
1385 2065 1467 2101 per-

77 2122 121 2152 30
138 2110 322 2149 territum.

192 2175 347 2223 Quibus
367 2175 482 2214 rebus
503 2176 678 2226 cognitis,
697 2190 787 2216 cum
807 2179 858 2217 ad
878 2179 947 2217 has
968 2178 1209 2229 suspiciones
1228 2179 1464 2219 certissimae
1484 2189 1531 2226 19

138 2252 196 2277 res
229 2241 472 2287 accederent,
504 2242 612 2290 quod
642 2255 709 2292 per
737 2243 824 2281 finis
854 2245 1125 2294 Sequanorum
1157 2245 1363 2284 Helvetios
1394 2254 1463 2283 tra-

138 2304 319 2352 duxisset,
343 2306 451 2355 quod
480 2305 638 2344 obsides
668 2306 766 2345 inter
795 2321 862 2346 eos
892 2309 1044 2348 dandos
1074 2317 1256 2356 curasset,
1280 2311 1387 2359 quod
1418 2324 1462 2348 ea

445 2418 466 2447 9
490 2406 582 2438 liceri
600 2407 731 2438 Aldus:
759 2408 858 2440 licere
877 2408 957 2440 A'R
973 2421 979 2441 :
1005 2410 1117 2442 dicere
1135 2413 1158 2445 β
