1706 2729
630 138 674 176 C.
708 139 823 176 IVLI
855 139 1123 177 CAESARIS

214 250 365 286 fuerant
407 249 457 286 ad
503 249 710 288 Caesarem
753 256 999 296 reverterunt,
1040 249 1313 300 petieruntque
1357 250 1412 288 uti
1464 251 1536 290 sibi

214 320 364 351 secreto
393 311 448 365 [in
469 311 641 365 occulto]
663 314 712 351 de
733 326 803 351 sua
822 313 1079 363 omniumque
1104 315 1227 352 salute
1248 328 1337 353 cum
1359 327 1407 353 eo
1425 328 1539 365 agere

178 392 191 413 2
213 377 355 416 liceret.
416 379 474 416 Ea
507 392 547 416 re
580 377 795 428 impetrata,
832 392 916 417 sese
954 392 1091 417 omnes
1126 381 1262 418 flentes
1298 379 1454 419 Caesari
1487 381 1538 419 ad

212 443 333 492 pedes
354 442 623 492 proiecerunt:
653 457 734 482 non
758 443 886 481 minus
913 457 954 482 se
982 444 1023 482 id
1043 445 1282 483 contendere
1306 452 1343 483 et
1363 446 1538 484 laborare

210 520 261 545 ne
305 520 350 545 ea
388 521 489 557 quae
526 507 714 547 dixissent
760 508 1062 555 enuntiarentur,
1104 522 1221 559 quam
1260 509 1315 547 uti
1353 523 1399 548 ea
1437 522 1537 559 quae
1558 519 1576 551 5

210 573 354 610 vellent
382 572 656 622 impetrarent3
699 580 903 623 propterea
933 574 1051 623 quod,
1085 573 1115 611 si
1145 573 1390 612 enuntiatum
1421 582 1532 620 esset,

171 650 189 680 3
210 649 408 674 summum
435 636 474 674 in
506 637 720 676 cruciatum
752 651 793 676 se
824 645 1007 677 venturos
1038 637 1223 676 viderent.
1284 639 1458 677 Locutus
1479 646 1536 677 est

209 714 280 750 pro
318 700 378 738 his
416 701 640 739 Diviciacus
672 702 860 740 Aeduus:
901 701 1052 740 Galliae
1082 701 1200 740 totius
1232 702 1420 741 sactiones
1451 716 1536 741 esse

209 765 329 802 duas:
371 766 508 803 harum
540 765 695 803 alterius
724 765 985 816 principatum
1008 764 1147 804 'tenere
1175 767 1347 813 Aeduos,
1379 767 1535 805 alterius

167 838 187 867 4
208 830 414 868 Arvernos.
476 829 531 867 Hi
562 843 651 868 cum
683 837 884 881 tantopere
911 832 961 869 de
987 838 1191 880 potentatu
1211 830 1310 869 inter
1330 843 1371 868 se
1392 833 1534 870 multos
1558 843 1595 864 10

207 906 331 931 annos
363 895 656 941 contenderent,
681 896 826 933 factum
855 908 939 933 esse
963 894 1018 933 uti
1044 895 1094 933 ab
1121 894 1304 932 Arvernis
1331 895 1535 944 Sequanis-

167 968 184 999 5
207 971 283 1007 que
306 958 491 997 Germani
512 960 693 998 mercede
712 967 1005 998 arcesserentur.
1062 961 1218 997 Horum
1239 958 1365 1008 primo
1385 959 1534 997 circiter

208 1022 313 1060 milia
343 1035 399 1060 xv
420 1024 606 1061 Rhenum
637 1023 841 1061 transisse:
886 1031 1142 1073 posteaquam
1169 1036 1280 1072 agros
1315 1030 1353 1061 et
1384 1025 1532 1061 cultum

206 1093 244 1124 et
283 1086 415 1136 copias
448 1089 650 1126 Gallorum
686 1087 867 1126 homines
900 1087 968 1125 feri
999 1101 1045 1125 ac
1078 1086 1232 1125 barbari
1270 1087 1528 1134 adamassent,

206 1152 404 1189 traductos
429 1151 570 1202 pluris:
602 1165 706 1189 nunc
734 1164 818 1190 esse
845 1151 885 1189 in
907 1150 1034 1189 Gallia
1062 1152 1113 1189 ad
1142 1158 1301 1189 centum
1331 1158 1369 1189 et
1395 1151 1529 1201 viginti
1553 1165 1590 1196 15

164 1222 183 1252 6
206 1214 356 1253 milium
370 1229 587 1254 numerum.
631 1217 734 1255 Cum
751 1215 810 1254 his
824 1216 986 1254 Aeduos
1003 1228 1218 1265 eorumque
1238 1214 1390 1253 clientis
1410 1217 1529 1254 semel

203 1287 321 1329 atque
338 1279 476 1318 iterum
497 1279 613 1318 armis
629 1279 880 1319 contendisse
893 1294 904 1327 3
925 1293 1106 1329 magnam
1122 1278 1382 1318 calamitatem
1398 1281 1530 1329 pulsos

201 1344 409 1394 accepisse,
452 1358 611 1383 omnem
650 1344 905 1391 nobilitatem,
942 1357 1101 1382 omnem
1140 1350 1330 1389 senatum,
1371 1356 1530 1381 omnem

166 1416 181 1449 7
202 1407 418 1457 equitatum
432 1408 617 1446 amisisse.
656 1407 810 1456 Quibus
827 1407 982 1457 proeliis
998 1406 1363 1456 calamitatibusque
1376 1408 1527 1453 fractos,

202 1472 269 1522 qui
296 1480 334 1511 et
353 1486 422 1511 sua
443 1472 581 1510 virtute
608 1479 646 1510 et
672 1472 808 1522 populi
830 1471 1000 1509 Romani
1021 1470 1191 1521 hospitio
1216 1478 1335 1520 atque
1360 1471 1530 1510 amicitia
1551 1487 1589 1509 20

199 1536 413 1586 plurimum
441 1544 532 1575 ante
561 1536 601 1574 in
629 1536 755 1575 Gallia
780 1535 1010 1586 potuissent,
1041 1542 1199 1574 coactos
1226 1548 1311 1573 esse
1340 1535 1529 1585 Sequanis

201 1600 360 1639 obsides
381 1602 473 1639 dare
493 1600 758 1639 nobilissimos
785 1600 949 1638 civitatis
974 1608 1012 1638 et
1038 1599 1120 1637 iure
1143 1599 1308 1638 iurando
1335 1599 1529 1638 civitatem

201 1664 451 1715 obstringere,
475 1678 560 1703 sese
581 1678 709 1715 neque
725 1664 883 1703 obsides
903 1663 1133 1715 repetituros
1154 1677 1283 1713 neque
1302 1664 1487 1702 auxilium
1507 1678 1529 1702 a

199 1730 347 1779 populo
370 1731 554 1768 Romano
574 1729 845 1779 imploraturos
873 1742 1003 1779 neque
1029 1735 1271 1767 recusaturos
1300 1741 1380 1778 quo
1401 1728 1528 1767 minus

161 1803 178 1832 8
200 1801 391 1843 perpetuo
417 1795 490 1832 sub
518 1793 671 1832 illorum
693 1793 849 1832 dicione
868 1801 987 1843 atque
1007 1792 1169 1843 imperio
1191 1800 1330 1831 essent.
1391 1794 1527 1832 Unum
1549 1808 1587 1839 25

201 1871 243 1896 se
264 1871 348 1896 esse
369 1872 415 1896 ex
434 1858 543 1897 omni
563 1858 719 1897 civitate
734 1859 964 1897 Aeduorum
989 1857 1056 1907 qui
1081 1856 1226 1896 adduci
1250 1870 1330 1895 non
1359 1857 1528 1907 potuerit

161 1933 179 1964 9
201 1929 244 1960 ut
264 1922 404 1961 iuraret
429 1931 495 1962 aut
521 1923 664 1962 liberos
696 1936 786 1961 suos
818 1922 976 1962 obsides
1008 1923 1126 1961 daret.
1186 1922 1252 1961 Ob
1278 1935 1365 1960 eam
1385 1935 1466 1960 rem
1487 1936 1528 1960 se

201 2000 247 2024 ex
264 1986 419 2025 civitate
434 1987 649 2037 profugisse
670 1994 707 2025 et
725 1989 896 2025 Romam
909 1988 960 2025 ad
976 1993 1154 2024 senatum
1174 1984 1326 2024 venisse
1341 1985 1525 2024 auxilium

199 2053 450 2100 postulatum,
474 2053 582 2102 quod
602 2053 707 2090 solus
728 2065 857 2101 neque
883 2050 965 2089 iure
984 2050 1149 2089 iurando
1173 2064 1302 2100 neque
1322 2049 1525 2088 obsidibus

142 2130 181 2152 10
200 2123 404 2155 teneretur.
465 2118 543 2155 Sed
581 2116 692 2166 peius
730 2116 941 2155 victoribus
980 2115 1170 2166 Sequanis
1209 2128 1327 2164 quarn
1375 2113 1524 2153 Aeduis
1545 2129 1586 2160 30

199 2179 309 2218 victis
329 2181 528 2228 accidisse,
546 2189 751 2232 propterea
771 2182 879 2230 quod
899 2180 1126 2226 Ariovistus,
1145 2193 1210 2217 rex
1226 2180 1521 2224 Germanorum,

200 2242 238 2280 in
260 2259 394 2283 eorum
416 2246 560 2284 finibus
576 2245 818 2284 consedisset
834 2244 1066 2295 tertiamque
1081 2251 1229 2294 partem
1245 2241 1323 2292 agri
1340 2241 1520 2291 Sequani,

199 2308 266 2358 qui
298 2316 398 2348 esset
429 2309 600 2360 optimus
632 2309 749 2348 totius
782 2308 942 2355 Galliae,
974 2306 1242 2358 occupavisset
1268 2313 1307 2344 et
1336 2318 1442 2344 nunc
1472 2307 1522 2344 de

642 2421 660 2440 2
685 2411 718 2441 in
736 2409 867 2442 occulto
886 2410 941 2441 del.
960 2409 1080 2450 Frigell
