1706 2729
458 669 516 722 C.
575 670 726 721 IVLI
781 669 1156 722 CAESARIS

582 803 1033 835 COMMENTARIORVM

313 918 435 976 DE
502 919 817 978 BELLO
879 918 1305 977 GALLICO

566 1071 733 1107 LIBER
764 1070 1052 1108 SECVNDVS

203 1190 301 1227 CUM
324 1195 424 1227 esset
445 1189 588 1227 Caesar
614 1187 653 1225 in
680 1186 855 1225 citeriore
880 1186 1005 1226 Gallia
1033 1185 1088 1238 [in
1109 1185 1308 1238 hibernis],
1340 1186 1390 1225 ita
1418 1187 1472 1225 uti
1492 1197 1507 1223 1

149 1266 263 1302 supra
283 1251 644 1298 demonstravinms,
669 1250 791 1289 crebri
816 1252 866 1289 ad
891 1265 980 1289 eum
1005 1264 1178 1289 rumores
1198 1252 1473 1291 adferebantur

148 1316 360 1366 litterisque
390 1316 482 1354 item
515 1315 677 1354 Labieni
707 1315 845 1353 certior
876 1316 992 1353 fiebat
1022 1315 1149 1353 omnis
1182 1317 1329 1365 Belgas,
1354 1329 1471 1365 quam

149 1380 297 1419 tertiam
337 1394 420 1418 esse
460 1379 608 1418 Galliae
647 1387 793 1430 partem
837 1378 1066 1425 dixeramus,
1109 1388 1243 1417 contra
1282 1381 1471 1430 populum

109 1459 125 1488 5
150 1447 373 1484 Romanum
395 1444 595 1483 coniurare
623 1444 860 1494 obsidesque
888 1444 986 1482 inter
1006 1458 1046 1482 se
1067 1445 1168 1482 dare.
1229 1444 1472 1483 Coniurandi
1494 1456 1508 1476 2

147 1510 214 1547 has
242 1523 325 1548 esse
352 1523 510 1548 causas:
550 1508 717 1558 primum
743 1509 849 1558 quod
877 1516 1097 1547 vererentur
1118 1522 1176 1555 ne,
1200 1509 1308 1547 omni
1335 1517 1472 1558 pacata

147 1574 281 1621 Gallia,
316 1575 365 1612 ad
395 1588 462 1612 eos
492 1574 679 1612 exercitus
710 1581 839 1612 noster
868 1575 1150 1621 adduceretur3
1189 1573 1334 1612 deinde
1363 1575 1471 1624 quod
1491 1587 1509 1617 5

146 1640 194 1677 ab
217 1653 296 1677 non
317 1639 431 1677 nullis
454 1638 574 1677 Gallis
597 1638 901 1685 sollicitarentur,
926 1638 1064 1688 partim
1086 1638 1163 1688 qui,
1187 1646 1227 1676 ut
1253 1640 1470 1677 Germanos

147 1702 291 1741 diutius
313 1702 352 1740 in
374 1702 499 1741 Gallia
526 1702 664 1740 versari
693 1704 906 1749 noluerant,
930 1702 982 1740 ita
1009 1702 1142 1752 populi
1172 1703 1342 1740 Romani
1370 1717 1471 1741 exer-

91 1778 129 1800 10
148 1766 267 1805 citum
284 1766 454 1805 hiemare
469 1774 586 1817 atque
607 1766 884 1805 inveterascere
905 1766 944 1803 in
961 1766 1086 1804 Gallia
1104 1768 1265 1805 moleste
1284 1767 1466 1813 ferebant,

147 1831 285 1881 partim
307 1831 372 1881 qui
394 1831 608 1870 mobilitate
630 1839 667 1870 et
688 1831 842 1869 levitate
865 1830 985 1868 animi
1009 1830 1119 1869 novis
1146 1830 1315 1880 imperiis
1343 1832 1470 1870 stude-

147 1896 265 1942 bant3
293 1897 342 1934 ab
377 1910 457 1934 non
486 1896 600 1934 nullis
631 1896 746 1934 etiam
782 1896 888 1945 quod
919 1895 957 1933 in
979 1895 1105 1933 Gallia
1133 1909 1155 1933 a
1184 1895 1468 1945 potentioribus
1488 1909 1507 1939 4

146 1969 264 2010 atque
284 1960 338 1998 eis
365 1961 430 2010 qui
455 1962 504 1999 ad
532 1962 812 1999 conducendos
837 1960 1016 1998 homines
1043 1962 1243 1998 facultates
1271 1961 1470 1999 habebant

147 2027 262 2075 vulgo
282 2039 398 2075 regna
418 2026 719 2076 occupabantur,
739 2025 804 2075 qui
826 2024 954 2063 minus
970 2024 1081 2063 facile
1102 2039 1188 2064 eam
1209 2039 1289 2064 rem
1306 2024 1470 2075 imperio

89 2102 126 2132 15
147 2098 280 2128 nostro
300 2090 487 2139 consequi
509 2098 695 2140 poterant.

51 2156 65 2179 s
203 2154 278 2192 His
309 2154 453 2192 nuntiis
487 2154 700 2204 litterisque
734 2162 954 2193 commotus
990 2156 1133 2193 Caesar
1167 2154 1263 2192 duas
1298 2154 1469 2204 legiones
1489 2163 1513 2190 2

146 2218 185 2257 in
224 2218 399 2258 citeriore
434 2218 560 2257 Gallia
599 2233 718 2257 novas
757 2219 996 2269 conscripsit,
1039 2226 1076 2257 et
1116 2218 1209 2257 inita
1246 2226 1392 2257 aestate
1430 2219 1468 2257 in

147 2282 367 2322 interiorem
416 2283 581 2322 Galliam
625 2283 690 2333 qui
736 2284 947 2322 deduceret
1000 2285 1047 2332 Q.
1087 2282 1251 2321 Pedium
1299 2284 1468 2333 legatum

147 2347 259 2387 misit.
321 2350 420 2398 Ipse,
454 2361 543 2386 cuni
574 2348 741 2397 primum
772 2348 904 2398 pabuli
934 2347 1046 2398 copia
1076 2362 1159 2386 esse
1190 2347 1385 2397 inciperet,
1419 2348 1468 2385 ad
1491 2364 1504 2383 .-

322 2462 332 2481 1
361 2452 393 2482 in
414 2452 563 2483 hibernis
582 2451 639 2483 dcl.
661 2451 799 2491 Alcrct'vlg
931 2454 949 2482 8
975 2457 1009 2482 ut
1028 2451 1086 2482 M:
1111 2463 1174 2482 om.
1195 2452 1299 2483 ‘113'ss

205 2512 348 2534 «masin.
368 2515 435 2535 B.G.
1341 2515 1397 2544 3
