1768 2739
99 882 135 904 10

96 1206 131 1236 15

94 1529 133 1550 20

94 1851 131 1881 25

92 2174 132 2203 30

440 176 515 212 DE
546 174 726 211 BELLO
756 173 1001 211 GALLICO
1031 174 1133 210 LIB.
1166 174 1203 209 V

159 287 214 325 eis
242 286 308 337 qui
339 293 533 324 cesserant
571 292 608 323 et
636 285 686 322 ab
718 283 773 322 eis
805 283 871 333 qui
906 282 1071 333 proximi
1103 290 1287 322 steterant
1320 282 1479 320 circum-

157 351 422 390 veniebantur.
482 349 549 388 Sin
578 356 710 388 autem
739 350 871 387 locum
901 355 1033 386 tenere
1062 349 1216 395 vellent,
1248 360 1322 386 nec
1350 346 1480 385 virtuti
1499 359 1518 389 4

157 417 266 454 locus
293 415 582 465 relinquebatur
609 427 737 464 neque
760 414 810 451 ab
832 419 940 451 tanta
963 411 1215 450 multitudine
1235 411 1385 450 coiecta
1405 412 1481 449 tela

156 480 319 519 conferti
340 480 458 517 vitare
478 486 667 529 poterant.
727 480 879 516 Tamen
896 484 953 516 tot
974 476 1237 515 incommodis
1254 475 1478 521 conflictati,
1500 491 1517 520 5

156 545 286 584 multis
315 544 538 583 vulneribus
565 543 736 594 acceptis
766 543 997 582 resistebant
1027 550 1065 581 et
1095 555 1237 593 magna
1268 548 1375 591 parte
1402 540 1479 579 diei

155 617 399 660 consumpta,
431 623 521 647 cum
551 623 573 647 a
603 608 727 658 prima
756 609 843 646 luce
877 609 927 646 ad
957 609 1093 646 horam
1125 614 1304 645 octavam
1335 618 1479 655 pugna-

155 681 267 720 retur,
291 673 386 711 nihil
407 675 516 723 quod
536 673 629 723 ipsis
653 680 755 711 esset
776 672 980 722 indignum
1002 670 1313 710 committebant.
1374 672 1478 707 Tum
1498 677 1518 708 6

153 741 198 777 T.
233 738 448 785 Balventio,
481 738 548 788 qui
582 737 780 788 superiore
808 751 914 775 anno
945 736 1114 787 primum
1149 736 1271 787 pilum
1303 736 1477 781 duxerat,

153 802 234 841 viro
265 803 352 842 forti
384 810 422 841 et
454 816 617 853 magnae
650 802 901 848 auctoritatis,
935 809 1144 851 utrumque
1175 802 1301 839 femur
1332 801 1480 850 tragula

154 867 323 906 traicitur
342 883 351 915 3
385 869 433 916 Q.
459 867 655 907 Lucanius
677 868 854 906 eiusdem
876 866 1034 913 ordinis,
1057 865 1265 904 fortissime
1285 879 1476 915 pugnans,
1501 878 1517 911 7

153 934 247 971 dum
296 933 563 972 circumvento
606 932 686 971 filio
733 932 925 979 subvenit,
968 930 1222 978 interficitur,
1275 932 1316 968 L.
1361 932 1516 969 Cotta8

153 999 300 1047 legatus
331 997 458 1036 omnis
489 997 659 1036 cohortis
689 997 927 1047 ordinesque
959 997 1172 1036 adhortans
1201 994 1241 1033 in
1269 996 1477 1034 adversum

153 1076 196 1100 os
218 1063 339 1101 funda
359 1064 589 1101 vulneratur.

208 1126 283 1164 His
324 1127 438 1165 rebus
479 1135 677 1176 permotus
719 1128 766 1175 Q.
803 1125 987 1172 Titurius,
1022 1139 1113 1164 cum
1147 1126 1282 1175 procul
1318 1124 1478 1162 Ambio-
1496 1124 1550 1168 36

154 1190 273 1240 rigem
312 1205 403 1230 suos
442 1193 713 1230 cohortantem
753 1190 1030 1241 conspexisset,
1070 1190 1319 1240 interpretem
1363 1202 1477 1227 suurn

153 1256 225 1294 Cn.
271 1255 504 1306 Pompeium
545 1257 596 1294 ad
636 1269 726 1294 eum
769 1255 885 1293 mittit
928 1262 1105 1305 rogatum
1153 1261 1195 1292 ut
1234 1253 1309 1291 sibi
1351 1253 1477 1291 militi-

152 1320 304 1369 busque
334 1328 475 1370 parcat.
548 1322 619 1358 Ille
648 1321 865 1370 appellatus
898 1319 1121 1370 respondit:
1161 1318 1192 1356 si
1221 1318 1313 1356 velit
1342 1332 1476 1357 secum
1499 1331 1513 1351 2

151 1384 334 1434 colloqui,
375 1384 518 1432 licere,ยน
565 1398 717 1435 sperare
756 1399 779 1423 a
817 1384 1068 1423 multitudine
1106 1383 1302 1433 impetrari
1347 1397 1474 1434 posse,

151 1450 259 1498 quod
279 1450 329 1488 ad
352 1449 517 1488 militum
540 1451 704 1488 salutem
730 1449 945 1499 pertineat,
974 1448 1046 1499 ipsi
1067 1462 1158 1487 vero
1179 1447 1274 1486 nihil
1299 1447 1475 1486 nocitum

151 1513 205 1560 iri,
228 1513 348 1564 inque
377 1528 464 1553 eam
494 1528 574 1553 rem
604 1528 645 1553 se
674 1528 784 1553 suam
816 1515 935 1553 fidem
965 1513 1221 1564 interponere.
1283 1514 1354 1551 Ille
1384 1526 1474 1552 cum
1497 1527 1514 1557 3

152 1579 270 1617 Cotta
299 1578 431 1617 saucio
465 1579 741 1625 communicat,
773 1579 804 1617 si
834 1578 1020 1625 videatur,
1052 1592 1184 1628 pugna
1212 1585 1254 1616 ut
1283 1579 1475 1617 excedant

151 1650 189 1680 et
209 1657 299 1681 cum
320 1643 548 1694 Ambiorige
575 1657 653 1682 una
679 1645 978 1693 colloquantur:
1008 1656 1162 1693 sperare
1188 1643 1239 1681 ab
1259 1657 1306 1682 eo
1330 1645 1381 1681 de
1405 1657 1475 1682 sua

150 1720 196 1745 ac
224 1706 390 1746 militum
417 1709 540 1746 salute
571 1708 767 1758 impetrari
801 1721 926 1758 posse.
986 1708 1104 1747 Cotta
1133 1721 1175 1746 se
1200 1708 1251 1746 ad
1281 1714 1473 1746 armatum

151 1772 306 1810 hostem
328 1772 471 1811 iturum
492 1780 607 1823 negat
626 1780 744 1823 atque
764 1772 804 1810 in
825 1786 872 1811 eo
893 1780 1121 1822 perseverat.

205 1836 373 1875 Sabinus
402 1850 501 1886 quos
531 1837 570 1875 in
600 1837 818 1887 praesentia
849 1836 1026 1876 tribunos
1057 1836 1225 1876 militurn
1256 1837 1403 1876 circum
1433 1850 1474 1876 se
1493 1841 1543 1880 37

153 1901 325 1939 habebat
354 1909 392 1939 et
421 1901 635 1951 primorum
667 1901 850 1941 ordinum
880 1901 1129 1941 centuriones
1161 1915 1202 1941 se
1229 1902 1339 1952 sequi
1366 1902 1474 1941 iubet

151 1972 200 2011 et,
216 1978 306 2003 cum
326 1965 485 2015 propius
502 1965 771 2015 Ambiorigem
791 1965 1027 2014 accessisset,
1046 1966 1172 2005 iussus
1193 1980 1301 2005 arma
1319 1966 1473 2005 abicere

150 2028 383 2079 imperatum
403 2029 495 2068 facit
515 2030 672 2080 suisque
701 2038 743 2069 ut
764 2030 869 2070 idem
890 2031 1032 2069 faciant
1052 2030 1226 2081 imperat.
1297 2030 1471 2078 Interim,
1493 2047 1509 2067 2

150 2094 247 2132 dum
278 2095 328 2132 de
356 2094 657 2133 condicionibus
686 2094 785 2133 inter
814 2108 855 2133 se
882 2103 1003 2145 agunt
1034 2095 1264 2145 longiorque
1292 2097 1473 2134 consulto

149 2158 200 2196 ab
216 2158 443 2209 Ambiorige
463 2158 675 2198 instituitur
689 2172 828 2206 sermo,
846 2159 1032 2210 paulatim
1053 2159 1340 2198 circumventus
1361 2159 1473 2198 inter-

150 2222 285 2261 ficitur.
345 2225 449 2261 Tum
479 2237 570 2261 vero
599 2237 671 2261 suo
700 2237 808 2263 more
836 2223 1037 2263 victoriam
1076 2225 1324 2263 conclamant
1354 2231 1472 2274 atque
1493 2237 1511 2267 3

151 2289 342 2326 ululatum
374 2289 516 2326 tollunt
549 2288 777 2339 impetuque
811 2288 850 2327 in
882 2296 1034 2328 nostros
1069 2290 1172 2327 facto
1204 2289 1359 2328 ordines
1391 2303 1472 2340 per-

150 2354 317 2392 turbant.
379 2353 440 2392 Ibi
474 2355 516 2391 L.
551 2354 669 2393 Cotta
706 2367 884 2404 pugnans
919 2353 1145 2392 interficitur
1182 2367 1272 2392 curn
1305 2353 1510 2395 maxima4

217 2468 258 2489 22
276 2460 351 2498 post
367 2466 505 2495 sperare
523 2455 597 2487 add.
616 2466 654 2488 se
670 2458 692 2491 ฮฒ
782 2466 823 2495 23
848 2457 1018 2496 impetrari
1036 2455 1122 2492 B'B:
1155 2457 1335 2496 impetrare
1352 2456 1398 2486 A'

1367 2524 1405 2553 7*
