1768 2739
414 155 487 190 DE
518 155 698 191 BELLO
728 153 973 191 GALLICO
1004 153 1105 189 LIB.
1138 153 1242 189 VIII

170 265 416 315 maximeque
445 279 492 303 ex
519 264 702 302 omnibus
730 263 944 310 Lucterius,
967 263 1033 313 qui
1062 265 1239 302 fortunae
1265 263 1366 302 illius
1392 263 1488 314 peri-

168 331 301 367 culum
327 331 480 376 fecerat,
503 336 679 367 moneret
708 327 890 366 frumenti
919 327 1109 366 rationem
1139 341 1224 366 esse
1250 329 1486 374 habendam,

169 393 411 432 constituunt
430 393 607 432 omniurn
628 406 822 431 consensu
843 400 951 442 parte
967 391 1021 430 ibi
1042 392 1174 430 relicta
1193 392 1393 442 copiarum
1414 391 1487 441 ipsi

168 472 258 496 cum
287 457 475 508 expeditis
504 459 555 496 ad
583 457 874 507 importandum
899 458 1136 494 frumentum
1164 456 1367 507 proficisci.
1428 458 1488 494 Eo
1510 471 1524 492 2

131 533 147 563 5
167 522 331 560 consilio
350 523 526 572 probato,
549 521 725 572 proxima
748 529 864 560 nocte
889 522 1044 559 duobus
1070 521 1226 559 milibus
1251 528 1488 559 armatorum

167 586 308 625 relictis
338 586 505 635 reliquos
537 600 584 624 ex
614 586 762 636 oppido
794 588 971 635 Drappes
1001 592 1039 624 et
1068 584 1271 623 Lucterius
1301 587 1485 624 educunt.

169 650 226 688 Hi
245 664 390 700 paucos
411 650 493 688 dies
515 650 654 688 morati
674 664 720 688 ex
741 650 883 688 finibus
901 651 1181 696 Cadurcorum,
1200 649 1266 699 qui
1286 649 1426 700 partim
1448 663 1488 688 re
1509 662 1526 691 3

167 714 415 753 frumentaria
434 715 636 753 sublevare
662 729 729 753 eos
757 715 980 765 cupiebant,
1010 714 1150 765 partim
1171 714 1379 765 prohibere
1408 728 1488 764 quo

167 779 297 818 minus
316 787 513 818 sumerent
540 793 620 818 non
644 787 835 830 poterant,
859 793 1045 830 magnum
1070 793 1278 817 numerum
1303 779 1488 817 frumenti

111 857 150 879 10
168 852 406 894 comparant,
438 858 518 883 non
541 858 758 894 numquam
785 853 917 883 autem
943 844 1258 894 expeditionibus
1287 843 1488 882 nocturnis

167 910 324 947 castella
372 917 591 947 nostrorum
643 909 881 947 adoriuntur.
961 910 1091 957 Quam
1141 909 1192 946 ob
1243 922 1399 946 causam
1441 910 1485 947 C.
1508 923 1526 952 4

167 973 355 1012 Caninius
387 981 469 1012 toto
500 974 648 1024 oppido
680 974 918 1012 munitiones
953 973 1194 1012 circumdare
1225 980 1407 1019 moratur,
1439 987 1488 1010 nc

165 1045 231 1075 aut
262 1051 360 1088 opus
392 1040 574 1076 effectum
609 1038 707 1077 tueri
745 1052 826 1077 non
859 1037 982 1089 possit
1015 1046 1082 1076 aut
1114 1037 1289 1088 plurimis
1322 1036 1360 1074 in
1393 1037 1488 1076 locis

165 1101 317 1140 infirma
335 1103 517 1153 disponat
536 1103 737 1154 praesidia.

110 1181 146 1213 15
221 1169 367 1218 Magna
395 1168 509 1218 copia
537 1166 720 1207 frumenti
749 1177 974 1219 comparata
1001 1168 1211 1207 considunt
1244 1170 1420 1218 Drappes
1451 1176 1488 1206 et
1509 1175 1558 1213 35

167 1232 369 1270 Lucterius
407 1246 489 1271 non
526 1233 678 1283 longius
717 1234 766 1271 ab
807 1233 955 1283 oppido
993 1234 1132 1272 decem
1173 1232 1339 1279 milibus,
1382 1233 1487 1270 unde

165 1297 350 1346 paulatim
381 1299 618 1336 frumentum
647 1298 688 1336 in
717 1298 908 1348 oppidum
938 1305 1219 1349 supportarent.
1282 1297 1362 1347 Ipsi
1389 1297 1487 1335 inter
1509 1310 1523 1330 2

164 1375 206 1400 se
238 1362 455 1412 provincias
489 1363 731 1413 partiuntur:
782 1366 959 1413 Drappes
997 1362 1130 1401 castris
1169 1362 1362 1413 praesidio
1396 1376 1485 1400 cum

164 1434 272 1476 parte
309 1427 510 1478 copiarum
548 1427 700 1474 resistit,
733 1428 938 1466 Lucterius
969 1441 1111 1477 agmen
1143 1427 1407 1465 iumentorum
1436 1428 1487 1465 ad

106 1506 146 1527 20
163 1491 354 1541 oppidum
374 1491 492 1530 ducit.
554 1491 763 1542 Dispositis
783 1492 837 1530 ibi
858 1491 1069 1542 praesidiis,
1089 1493 1184 1530 hora
1200 1491 1325 1530 noctis
1339 1491 1488 1529 circiter
1508 1502 1525 1532 3

164 1556 318 1594 decima
355 1556 593 1595 silvestribus
626 1557 879 1606 angustisque
913 1556 1115 1594 itineribus
1150 1558 1388 1594 frumentum
1420 1556 1488 1594 im-

164 1628 317 1671 portare
354 1620 394 1659 in
432 1621 623 1671 oppidum
661 1621 835 1659 instituit.
908 1623 1088 1670 Quorum
1122 1620 1325 1671 strepitum
1354 1621 1526 1671 vigiles4

164 1693 377 1723 castrorum
404 1699 494 1723 cum
524 1685 735 1723 sensissent
762 1687 1101 1735 exploratoresque
1130 1685 1237 1723 missi
1260 1699 1360 1735 quae
1385 1699 1488 1735 gere-

164 1757 295 1787 rentur
332 1749 627 1796 renuntiassent,
671 1750 860 1789 Caninius
908 1749 1083 1788 celeriter
1130 1763 1220 1787 cum
1259 1749 1486 1788 cohortibus

106 1830 144 1860 25
164 1814 319 1851 armatis
358 1828 404 1852 ex
441 1814 624 1864 proximis
663 1815 830 1852 castellis
869 1814 909 1852 in
949 1814 1219 1852 frumentarios
1254 1815 1326 1852 sub
1362 1814 1485 1864 ipsam

164 1879 291 1916 lucem
322 1878 513 1928 impetum
544 1878 644 1917 fecit.
706 1878 763 1916 Hi
793 1879 997 1929 repentino
1028 1881 1130 1917 malo
1159 1878 1347 1929 perterriti
1377 1878 1486 1917 diffu-
1505 1892 1522 1922 5

162 1942 271 1991 giunt
307 1943 359 1980 ad
396 1956 465 1981 sua
502 1943 725 1993 praesidia;
773 1957 874 1993 quae
912 1943 1034 1981 nostri
1068 1951 1110 1981 ut
1140 1943 1329 1989 viderunt,
1361 1942 1485 1981 acrius

162 2015 296 2045 contra
320 2015 488 2046 armatos
512 2007 660 2046 incitati
687 2007 886 2046 neminem
914 2022 960 2046 ex
986 2022 1034 2046 eo
1058 2021 1222 2045 numero
1243 2007 1373 2044 vivum
1399 2006 1485 2057 capi

161 2072 367 2120 patiuntur.
428 2072 601 2121 Profugit
643 2071 737 2110 inde
780 2086 870 2110 cum
910 2072 1044 2122 paucis
1086 2071 1289 2110 Lucterius
1329 2085 1402 2109 nec
1445 2085 1486 2110 se

103 2150 142 2180 30
160 2135 295 2185 recipit
322 2135 362 2173 in
387 2144 520 2174 castra.

214 2202 275 2238 Re
313 2201 415 2239 bene
452 2209 560 2251 gesta
599 2202 788 2241 Caninius
827 2216 874 2240 ex
912 2202 1073 2252 captivis
1112 2200 1301 2251 comperit
1335 2208 1483 2251 partem
1504 2211 1557 2255 36

160 2265 361 2315 copiarum
388 2279 478 2304 cum
506 2268 707 2316 Drappete
727 2280 812 2305 esse
832 2266 872 2304 in
893 2266 1026 2305 castris
1046 2280 1069 2304 a
1089 2265 1246 2304 milibus
1268 2279 1348 2303 non
1369 2267 1484 2315 longe

159 2330 325 2380 amplius
346 2342 418 2368 ΧΠ.
493 2331 582 2379 Qua
609 2344 648 2368 re
676 2344 722 2367 ex
749 2330 1016 2380 compluribus
1037 2330 1202 2379 cognita,
1226 2343 1315 2367 cum
1338 2329 1483 2367 intelle·
1505 2346 1519 2366 2

207 2445 243 2474 13
269 2441 383 2474 posset
403 2446 422 2464 α
560 2445 597 2473 19
623 2435 748 2465 resistit
764 2434 816 2466 D:
844 2434 968 2465 restitit
985 2432 1023 2463 X
1150 2443 1191 2472 32
1216 2433 1316 2473 longe
1334 2444 1398 2464 0111.
1416 2436 1437 2469 β
