1768 2739
645 161 689 199 C.
724 160 840 198 IVLI
871 161 1140 200 CAESARIS

228 270 359 321 fugam
404 270 575 318 coiectis,
616 271 800 322 sagittarii
844 271 1097 327 circumventi
1143 271 1414 323 interfectique
1451 281 1551 312 sunt.

189 335 330 374 81tern
365 349 411 374 ex
443 335 600 386 reliquis
634 336 808 387 partibus
840 336 961 375 nostri
995 336 1170 376 cedentis
1201 350 1326 387 usque
1357 336 1398 376 in
1431 345 1556 376 castra

187 410 207 442 9
226 399 392 439 insecuti
413 401 472 440 sui
496 401 707 452 colligendi
735 403 960 441 facultatem
988 416 1068 441 non
1095 403 1299 441 dederunt.
1357 404 1413 442 At
1431 402 1467 442 ei
1487 403 1555 454 qui

224 466 276 504 ab
296 466 428 505 Alesia
448 474 718 517 processerant
742 466 879 506 maesti
906 481 1028 518 prope
1047 467 1208 507 victoria
1227 468 1433 519 desperata
1453 482 1494 507 se
1514 467 1553 506 in

224 530 416 581 oppidum
438 540 677 582 receperunt.
1573 540 1591 573 5

159 592 203 630 81
278 597 373 635 Uno
394 596 458 635 die
478 596 700 636 intermisso
715 598 817 637 Galli
837 605 955 648 atque
976 599 1051 637 hoc
1072 598 1198 649 spatio
1214 611 1358 649 magno
1374 598 1549 646 cratium,

223 661 426 708 scalarum,
449 662 719 711 harpagonum
749 676 914 700 numero
938 664 1077 701 effecto
1099 662 1230 701 media
1252 671 1369 702 nocte
1396 663 1551 702 silentio

138 744 142 748 “
187 736 201 758 2
222 738 268 762 ex
288 725 421 764 castris
446 726 589 775 egressi
617 728 668 766 ad
695 729 922 779 campestris
952 729 1190 768 munitiones
1218 732 1423 769 accedunt.
1484 732 1551 769 Su—

220 788 304 829 bito
325 791 495 828 clamore
517 791 683 839 sublato,
706 806 784 842 qua
810 793 1094 843 significatione
1120 794 1187 843 qui
1214 794 1253 832 in
1280 794 1429 844 oppido
1450 794 1550 833 obsi-

220 853 415 893 debantur
435 856 485 893 de
506 868 578 894 suo
597 857 770 896 adventu
791 871 1028 907 cognoscere
1044 866 1216 908 possent,
1232 858 1345 896 cratis
1361 858 1547 908 proicere,
1571 872 1610 894 ιο

219 919 362 965 fundis,
395 920 553 970 sagittis,
585 921 782 971 lapidibus
811 931 965 962 nostros
995 925 1044 962 de
1075 925 1178 962 vallo
1207 924 1436 973 proturbare
1467 924 1549 962 reli—

219 995 376 1033 quaque
406 998 507 1035 quae
535 987 587 1025 ad
616 988 952 1037 oppugnationem
987 988 1182 1038 pertinent
1216 997 1352 1039 parant
1385 988 1549 1027 admini-

181 1065 199 1095 3
218 1055 346 1086 strare.
408 1050 564 1088 Eodem
589 1058 766 1101 tempore
792 1053 963 1091 clamore
987 1052 1170 1091 exaudito
1190 1054 1258 1091 dat
1279 1053 1373 1091 tuba
1393 1052 1547 1103 signum

179 1112 297 1161 4suis
336 1113 630 1164 Vercingetorix
671 1123 790 1167 atque
828 1131 874 1155 ex
912 1117 1060 1167 oppido
1106 1117 1247 1156 educit.
1319 1117 1464 1164 Nostri,
1505 1125 1547 1155 ut

217 1177 482 1226 superioribus
496 1179 648 1227 diebuS,
664 1188 706 1219 ut
726 1180 870 1231 cuique
891 1188 971 1220 erat
987 1183 1097 1220 locus
1117 1182 1337 1228 attributus,
1354 1182 1406 1219 ad
1422 1181 1546 1219 muni·
1568 1195 1605 1226 15

216 1241 342 1281 tiones
356 1245 552 1283 accedunt
566 1259 576 1293 3
603 1245 747 1293 fundis,
770 1246 962 1285 librilibus
982 1246 1238 1297 sudibusque,
1253 1259 1350 1297 quas
1370 1245 1411 1284 in
1427 1259 1546 1296 opere

176 1323 193 1353 5
215 1306 499 1356 disposuerant,
532 1323 578 1348 ac
615 1310 825 1360 glandibus
857 1312 992 1350 Gallos
1027 1319 1255 1361 proterrent.
1329 1312 1545 1361 Prospectu

214 1372 385 1411 tenebris
401 1375 589 1424 adempto
605 1377 729 1414 multa
749 1376 945 1427 utrimque
961 1378 1121 1416 vulnera
1135 1377 1389 1428 accipiuntur.
1428 1377 1544 1416 Com-

175 1444 194 1475 6
213 1439 323 1487 plura
376 1440 580 1478 tormentis
628 1443 706 1479 tela
757 1441 986 1481 coiciuntur.
1061 1445 1115 1481 At
1164 1444 1220 1481 M.
1267 1440 1465 1481 Antonius
1504 1449 1542 1480 et

213 1504 257 1543 C.
281 1504 504 1544 Trebonius
542 1506 669 1556 legati,
691 1507 835 1557 quibus
875 1509 948 1547 hae
984 1516 1111 1559 partes
1157 1509 1207 1547 ad
1245 1508 1541 1546 defendendum
1562 1519 1602 1541 20

211 1567 463 1616 obvenerant,
497 1584 575 1619 qua
607 1585 654 1609 ex
687 1580 796 1621 parte
834 1580 987 1611 nostros
1018 1573 1142 1623 premi
1173 1572 1452 1619 intellexerant,
1486 1572 1541 1612 eis

211 1631 354 1671 auxilio
375 1647 421 1671 ex
441 1634 689 1674 ulterioribus
710 1636 877 1675 castellis
898 1638 1091 1676 deductos
1112 1637 1419 1675 summittebant.

141 1702 193 1739 82
267 1699 374 1736 Dum
405 1699 557 1750 longius
586 1701 636 1739 ab
667 1701 887 1740 munitione
915 1703 1077 1741 aberant
1108 1702 1221 1749 Galli,
1252 1704 1340 1752 plus
1370 1702 1540 1741 multitu-

210 1761 302 1800 dine
330 1764 495 1801 telorum
526 1764 811 1814 proficiebant,
849 1774 986 1816 postea
1015 1780 1133 1817 quam
1160 1766 1319 1816 propius
1346 1780 1539 1806 successe-

209 1834 309 1874 runt,
337 1835 403 1866 aut
433 1842 474 1866 se
503 1829 669 1868 stimulis
699 1830 949 1881 inopinantes
978 1832 1197 1871 induebant
1220 1839 1286 1870 aut
1310 1831 1350 1870 in
1379 1833 1537 1871 scrobes
1559 1843 1596 1874 25

209 1891 327 1930 delati
348 1893 705 1933 transfodiebantur
730 1903 797 1934 aut
824 1910 870 1934 ex
889 1898 991 1935 vallo
1017 1910 1062 1935 ac
1087 1896 1254 1935 turribus
1281 1896 1430 1935 traiecti
1449 1896 1536 1946 pilis

173 1972 186 1993 2
210 1956 421 1995 muralibus
451 1957 671 1997 interibant.
733 1960 870 1999 Multis
900 1961 1076 2011 undique
1100 1961 1325 2000 vulneribus
1351 1960 1534 2012 acceptis,

207 2022 314 2058 nulla
343 2021 562 2061 munitione
591 2033 784 2074 perrupta,
814 2039 904 2064 cum
934 2027 999 2064 lux
1027 2034 1238 2077 appeteret,
1267 2025 1377 2064 veriti
1406 2039 1456 2064 ne
1484 2026 1535 2065 ab

207 2086 324 2124 latere
353 2094 488 2136 aperto
515 2101 561 2126 ex
591 2089 856 2139 superioribus
886 2091 1019 2129 castris
1049 2091 1253 2141 eruptione
1282 2090 1534 2130 circumveni-

170 2168 187 2198 3
206 2158 337 2188 rentur
357 2164 398 2189 se
418 2153 469 2190 ad
489 2166 580 2192 suos
601 2163 840 2205 receperunt.
900 2158 954 2194 At
973 2155 1185 2203 interiores,
1208 2157 1304 2195 dum
1325 2169 1370 2195 ea
1390 2169 1490 2206 quae
1510 2170 1533 2195 a
1552 2163 1594 2194 30

206 2215 523 2267 Vercingetorige
556 2220 607 2258 ad
641 2220 887 2270 eruptionem
921 2229 1146 2271 praeparata
1179 2229 1288 2259 erant
1318 2222 1529 2271 proferunt,

167 2300 187 2331 4
206 2278 351 2328 priores
380 2282 503 2321 fossas
533 2285 700 2334 explent,
732 2284 878 2323 diutius
909 2284 949 2323 in
978 2285 1038 2324 his
1069 2286 1184 2324 rebus
1213 2285 1530 2324 administrandis

252 2394 267 2421 7
293 2395 499 2424 arpagonnm
517 2385 555 2415 X
653 2397 689 2426 15
715 2392 749 2418 ut
766 2399 784 2417 α
801 2398 807 2418 :
832 2397 913 2419 suus
930 2389 952 2422 β
1046 2398 1082 2427 17
1108 2399 1145 2419 ac
1161 2388 1338 2428 glandibus
1355 2389 1468 2420 Gallos
1485 2391 1529 2423 B:

206 2427 320 2458 Gallos
339 2428 519 2467 glandibus
536 2443 556 2459 a
638 2440 677 2469 31
706 2436 904 2471 praeparata
921 2436 1018 2463 erant
1037 2432 1165 2464 Aldus:
1193 2437 1479 2472 praeparaverant
1496 2430 1534 2462 X
