1768 2739
694 126 737 163 C.
773 126 888 163 IVLI
921 125 1189 163 CAESARIS

239 248 255 277 3
276 239 339 277 die
367 240 417 277 ad
445 238 617 276 Alesiam
648 244 773 276 castra
802 237 902 276 fecit.
963 239 1174 288 Perspecto
1198 237 1303 276 urbis
1331 237 1406 276 situ
1432 239 1603 289 perterri-

276 304 402 353 tisque
423 303 613 350 hostibus,
637 304 746 353 quod
773 303 960 352 equitatu,
983 316 1060 352 qua
1086 303 1253 341 maxime
1279 310 1388 353 parte
1414 303 1603 342 exercitus

275 369 539 415 confidebant,
564 376 673 407 erant
698 368 811 419 pulsi,
833 369 1062 406 adhortatus
1089 368 1139 406 ad
1166 368 1341 406 laborem
1368 367 1509 406 milites
1535 367 1604 406 cir-

275 435 509 472 cumvallare
530 433 705 472 instituit.

195 496 254 542 69
330 501 466 549 Ipsum
499 506 578 537 erat
610 499 802 548 oppidum
831 498 964 537 Alesia
992 498 1032 537 in
1062 501 1162 538 colle
1191 512 1356 546 summo,
1386 499 1603 537 admodum
1624 515 1641 547 5

275 564 381 602 edito
402 566 501 611 1000,
525 572 567 602 ut
587 563 661 601 nisi
681 563 889 601 obsidione
916 564 1127 613 expugnari
1150 577 1231 602 non
1251 577 1367 614 posse
1386 563 1605 611 videretur3

240 646 254 666 2
274 629 384 667 cuius
406 629 515 668 collis
542 629 692 667 radices
717 629 797 666 duo
821 628 975 666 duabus
1000 643 1046 667 ex
1069 629 1242 679 partibus
1269 628 1431 667 flumina
1451 629 1604 667 sublue-

240 695 378 737 3bant.
437 696 543 732 Ante
577 693 617 732 id
652 693 843 743 oppidum
881 692 1061 743 planities
1095 693 1244 732 circiter
1278 693 1384 731 milia
1416 707 1602 744 passuum

237 771 320 804 4111
352 759 391 796 in
421 758 708 809 longitudinem
739 758 921 807 patebat:
960 757 1117 808 reliquis
1142 772 1188 796 ex
1214 758 1399 796 omnibus
1428 758 1602 809 partibus

274 825 393 862 colles
431 823 621 862 mediocri
659 822 863 861 interiecto
902 822 1028 873 spatio
1070 822 1151 873 pari
1196 823 1411 861 altitudinis
1450 822 1602 872 fastigio
1624 840 1664 863 10

238 903 254 933 5
274 888 465 939 oppidum
487 889 707 938 cingebant.
750 889 831 926 Sub
854 901 975 935 muro,
992 901 1093 938 quae
1113 901 1199 938 pars
1220 888 1329 926 collis
1344 889 1395 926 ad
1411 888 1602 926 orientem

273 955 397 991 solem
418 954 631 1003 spectabat,
655 954 760 990 hunc
781 966 941 991 omnem
962 954 1093 991 locum
1119 953 1255 1003 copiae
1277 954 1479 991 Gallorum
1499 967 1604 992 com-

273 1020 472 1068 pleverant
493 1020 719 1068 fossamque
740 1025 777 1056 et
798 1018 1007 1056 maceriam
1033 1031 1099 1056 sex
1122 1018 1162 1055 in
1188 1017 1434 1057 altitudinem
1455 1020 1602 1068 pedum

236 1090 255 1121 6
274 1085 566 1133 praeduxerant.
628 1083 723 1121 Eius
754 1083 983 1121 munitionis
1008 1097 1109 1132 quae
1134 1083 1184 1122 ab
1213 1083 1403 1121 Romanis
1431 1083 1603 1122 institue-

239 1162 253 1194 7
273 1149 388 1186 batur
407 1148 590 1187 circuitus
607 1160 650 1186 XI
669 1147 775 1186 milia
795 1162 981 1198 passuum
1003 1149 1172 1187 tenebat.
1215 1149 1351 1187 Castra
1371 1148 1602 1199 opportunis
1624 1165 1660 1196 15

272 1212 367 1251 locis
382 1221 490 1251 erant
504 1213 640 1263 posita,
658 1213 791 1262 ibique
804 1214 962 1251 castella
975 1225 1083 1250 xxm
1099 1214 1210 1260 facta,
1226 1213 1368 1263 quibus
1382 1213 1421 1250 in
1435 1213 1602 1251 castellis

273 1277 442 1316 interdiu
493 1278 681 1316 stationes
738 1278 996 1327 ponebantur,
1050 1291 1100 1316 ne
1154 1292 1232 1327 qua
1270 1277 1400 1315 subito
1450 1278 1603 1327 eruptio

273 1343 406 1389 fieret3
435 1343 532 1381 haec
556 1343 695 1381 eadem
722 1350 843 1380 noctu
865 1341 1157 1380 excubitoribus
1188 1356 1234 1380 ac
1257 1342 1376 1380 firmis
1400 1341 1601 1392 praesidiis

273 1407 516 1445 tenebantur.

200 1482 252 1520 70
327 1472 456 1521 Opere
477 1471 666 1518 instituto,
690 1473 731 1510 fit
752 1480 931 1522 equestre
952 1472 1142 1522 proelium
1170 1472 1210 1510 in
1237 1486 1282 1511 ea
1302 1472 1463 1522 planitie
1483 1486 1601 1522 quam
1624 1489 1662 1510 20

272 1536 531 1574 intermissam
567 1537 733 1575 collibus
768 1537 840 1575 tria
878 1537 984 1575 milia
1022 1551 1208 1587 passuum
1240 1538 1279 1575 in
1314 1538 1602 1587 longitudinem

272 1609 403 1650 patere
424 1614 540 1650 supra
566 1601 931 1639 demonstravimus.
993 1603 1155 1640 Summa
1175 1602 1211 1639 vi
1237 1603 1287 1640 ab
1312 1596 1486 1652 utrisque
1513 1616 1603 1640 con-

236 1687 249 1706 2
272 1666 453 1704 tenditur.
515 1667 804 1704 Laborantibus
825 1667 967 1705 nostris
988 1668 1133 1706 Caesar
1154 1669 1373 1705 Germanos
1395 1667 1601 1705 summittit

272 1732 524 1782 legionesque
545 1746 615 1782 pro
643 1732 776 1770 castris
803 1733 1016 1779 constituit,
1039 1747 1088 1771 ne
1115 1747 1193 1783 qua
1219 1733 1350 1771 subito
1370 1733 1531 1783 irruptio
1551 1733 1602 1771 ab

235 1811 252 1840 3
272 1796 444 1834 hostium
479 1797 655 1846 peditatu
688 1798 764 1835 fiat.
826 1797 1026 1835 Praesidio
1056 1797 1255 1847 legionum
1284 1798 1421 1836 addito
1460 1797 1601 1835 nostris
1623 1814 1659 1845 25

271 1861 425 1899 animus
445 1869 607 1911 augetur
626 1877 632 1899 t
666 1863 798 1900 hostes
820 1862 858 1899 in
880 1864 1011 1912 fugam
1033 1862 1173 1900 coiecti
1194 1876 1235 1900 se
1255 1862 1329 1912 ipsi
1350 1862 1601 1900 multitudine

272 1926 492 1976 impediunt
518 1934 638 1976 atque
669 1927 959 1977 angustioribus
990 1928 1110 1977 portis
1140 1928 1282 1966 relictis
1310 1935 1596 1966 coacervantur.

233 2005 253 2035 4
273 1991 459 2029 Germani
479 1991 605 2029 acrius
626 2005 751 2042 usque
772 1993 822 2030 ad
844 1992 1084 2030 munitiones
1105 2000 1330 2042 sequuntur.
1378 1992 1439 2030 Fit
1460 2005 1599 2041 magna

234 2069 250 2098 5
272 2057 435 2094 caedes:
467 2070 547 2094 non
568 2056 663 2094 nulli
685 2057 827 2095 relictis
849 2057 959 2107 equis
986 2059 1131 2095 fossam
1152 2057 1312 2095 transire
1333 2065 1371 2095 et
1391 2056 1600 2095 maceriam

272 2122 547 2159 transcendere
578 2128 779 2159 conantur.
841 2123 1007 2159 Paulum
1037 2121 1209 2171 legiones
1232 2123 1376 2160 Caesar
1404 2135 1500 2171 quas
1530 2134 1600 2171 pro
1621 2136 1660 2167 30

235 2188 252 2216 f»
274 2187 373 2223 vallo
408 2186 661 2224 constituerat
692 2187 912 2235 promoveri
944 2187 1062 2225 iubet.
1123 2188 1215 2224 Non
1247 2186 1375 2224 minus
1405 2187 1472 2237 qui
1501 2186 1599 2224 intra

316 2299 334 2317 2
368 2300 433 2327 qua
467 2290 611 2320 maxime
647 2295 741 2329 parte
772 2290 981 2330 Sleplzmms:
1034 2301 1100 2329 quo
1145 2291 1287 2321 maxima
1320 2296 1414 2330 parte
1441 2303 1460 2320 α
1476 2302 1482 2321 :
1532 2301 1599 2329 quo

273 2333 417 2362 maxime
434 2335 456 2366 β
546 2343 565 2371 3
589 2334 779 2364 confidebat
795 2346 814 2364 α
951 2335 988 2364 16
1013 2334 1124 2372 ibique
1143 2334 1294 2374 castella]
1314 2344 1377 2364 vm
1395 2333 1598 2372 castellaque

274 2374 388 2414 [wenge
562 2387 602 2415 24
629 2388 670 2407 ne
689 2402 696 2408 .
715 2401 721 2408 .
741 2402 747 2408 .
769 2378 825 2408 fiat
841 2377 909 2408 secl.
929 2377 1019 2408 Paul
1185 2388 1225 2416 27
1252 2383 1494 2408 coacervantur
1510 2376 1595 2406 codd.

273 2418 395 2456 aliquot
409 2418 590 2449 detentum:
618 2421 803 2451 coacervati
821 2426 888 2450 tum
910 2433 927 2450 a
944 2432 949 2449 1
976 2426 1170 2451 coartantur·
1186 2423 1208 2454 β
