1768 2739
449 133 522 169 DE
554 131 732 169 BELLO
763 130 1008 168 GALLICO
1041 129 1142 166 LIB.
1175 130 1257 166 VII

191 243 376 282 restincto
407 256 543 293 aggere
581 249 698 292 atque
737 240 845 280 omni
877 254 923 279 ex
953 248 1061 292 parte
1095 242 1300 280 summotis
1332 242 1510 281 hostibus

192 307 278 346 finis
308 315 365 346 est
394 305 594 358 pugnandi
623 308 757 344 factus.

245 371 391 411 Omnia
419 370 564 421 experti
593 370 705 417 Galli,
729 371 837 420 quod
864 383 923 409 res
949 372 1056 409 nulla
1083 379 1331 418 successerat,
1354 378 1511 421 postero
1530 371 1584 408 26

189 435 254 474 die
283 434 490 474 consilium
519 442 706 485 ceperunt
744 448 790 473 ex
828 434 978 485 oppido
1016 437 1230 485 profugere,
1262 437 1443 474 hortante
1473 443 1511 473 et

151 499 350 542 5iubente
388 498 715 549 Vercingetorige.
795 499 844 537 Id
891 499 1045 537 silentio
1085 500 1212 538 noctis
1252 498 1382 538 conati
1430 513 1510 537 non
1533 511 1547 531 2

189 577 330 614 magna
358 563 504 601 iactura
531 576 690 601 suorum
720 576 805 602 sese
834 564 1040 602 effecturos
1065 564 1283 613 sperabant,
1308 571 1513 614 propterea

188 629 297 678 quod
318 641 446 677 neque
466 628 581 676 longe
601 627 651 665 ab
676 627 826 677 oppido
851 635 977 666 castra
995 627 1322 677 Vercingetorigis
1349 627 1512 665 aberant

188 698 227 729 et
266 692 388 740 palus,
428 704 529 741 quae
569 699 757 741 perpetua
790 692 1067 738 intercedebat,
1102 694 1305 730 Romanos
1334 692 1385 730 ad
1414 691 1512 730 inse-

188 756 392 805 quendum
413 755 601 794 tardabat.
663 757 828 806 Iamque
854 758 931 795 hoc
958 758 1083 795 facere
1110 764 1230 795 noctu
1256 756 1509 806 apparabant,
1533 772 1550 801 3

134 831 172 853 10
189 833 280 857 cum
322 827 462 858 matres
502 820 671 858 familiae
711 827 871 871 repente
912 820 950 858 in
994 820 1195 870 publicum
1238 828 1512 870 procurrerunt

190 885 407 934 flentesque
436 884 631 934 proiectae
659 886 711 923 ad
749 887 870 935 pedes
909 898 1068 923 suorum
1107 884 1291 922 omnibus
1331 884 1512 934 precibus

190 948 385 998 petierunt
426 962 476 987 ne
514 962 555 987 se
593 957 631 988 et
673 949 894 988 communis
934 949 1078 987 liberos
1116 948 1295 987 hostibus
1332 950 1384 987 ad
1426 962 1513 998 sup-

190 1012 350 1062 plicium
380 1014 581 1061 dederent,
614 1028 713 1064 quos
746 1015 797 1053 ad
836 1014 1069 1064 capiendam
1107 1014 1237 1063 fugam
1278 1020 1437 1051 naturae
1475 1020 1513 1051 et

189 1076 328 1115 virium
366 1077 568 1116 infirmitas
606 1078 822 1128 impediret.
896 1077 979 1117 Ubi
1017 1091 1084 1116 eos
1124 1077 1163 1114 in
1202 1077 1395 1115 sententia
1432 1091 1551 1127 per-4

131 1154 168 1184 15
189 1149 290 1180 stare
318 1141 509 1190 viderunt,
539 1144 648 1193 quod
682 1145 912 1193 plerumque
942 1141 981 1179 in
1011 1155 1167 1180 summo
1196 1141 1369 1191 periculo
1398 1140 1514 1179 timor

190 1206 495 1246 misericordiam
535 1221 616 1246 non
656 1207 802 1258 recipit,
845 1208 1090 1245 conclamare
1129 1213 1168 1244 et
1207 1205 1424 1255 significare
1463 1207 1514 1244 de

189 1272 279 1321 fuga
311 1272 501 1310 Romanis
532 1280 756 1322 coeperunt.
816 1273 910 1320 Quo
941 1271 1079 1309 timore
1109 1270 1297 1320 perterriti
1327 1269 1429 1309 Galli
1464 1284 1513 1308 ne
1533 1284 1550 1313 5

187 1335 238 1372 ab
278 1336 452 1385 equitatu
492 1338 764 1376 Romanorum
807 1335 892 1375 viae
930 1341 1309 1385 praeoccuparentur
1349 1333 1513 1373 consilio

188 1399 430 1439 destiterunt.

130 1475 171 1497 20
244 1467 406 1504 Postero
435 1465 499 1504 die
528 1466 682 1512 Caesar,
717 1471 897 1516 promota
927 1463 1019 1503 turri
1054 1463 1299 1514 derectisque
1328 1462 1512 1513 operibus
1531 1467 1580 1506 27

189 1540 291 1578 quae
319 1531 446 1568 facere
471 1530 700 1576 instituerat,
731 1542 874 1579 magno
903 1535 1039 1567 coorto
1068 1528 1204 1574 imbre,
1233 1541 1313 1566 non
1334 1527 1511 1565 inutilem

189 1593 293 1631 hanc
319 1594 371 1632 ad
400 1593 636 1644 capiendum
667 1593 875 1632 consilium
904 1599 1177 1641 tempestatem
1207 1592 1412 1629 arbitratus
1441 1598 1509 1637 est,

189 1658 299 1706 quod
319 1659 437 1707 paulo
461 1658 654 1696 incautius
681 1658 881 1697 custodias
907 1656 946 1694 in
974 1669 1086 1694 muro
1110 1655 1319 1705 dispositas
1340 1655 1508 1701 videbat,

189 1735 362 1772 suosque
399 1722 619 1772 languidius
658 1722 697 1760 in
736 1735 854 1772 opere
891 1719 1032 1759 versari
1071 1720 1181 1758 iussit
1220 1727 1259 1758 et
1296 1719 1392 1769 quid
1430 1719 1511 1757 fieri

133 1798 169 1829 25
189 1787 305 1824 vellet
334 1787 505 1825 ostendit
520 1802 530 1835 3
568 1787 866 1838 legionibusque
894 1793 1000 1824 extra
1028 1792 1152 1823 castra
1182 1784 1281 1822 intra
1309 1784 1441 1822 vineas
1470 1783 1509 1821 in
1532 1799 1546 1820 2

189 1852 346 1889 occulto
367 1851 568 1901 expeditis,
590 1853 816 1890 cohortatus
836 1858 880 1889 ut
898 1850 1112 1900 aliquando
1139 1862 1210 1899 pro
1237 1848 1354 1887 tantis
1374 1848 1511 1887 labori-

190 1915 263 1952 bus
302 1916 469 1953 fructum
508 1915 691 1954 victoriae
729 1914 973 1965 perciperent
1011 1913 1066 1952 eis
1105 1913 1171 1963 qui
1203 1912 1317 1963 primi
1356 1926 1510 1950 murum

188 1979 458 2018 ascendissent
486 1979 657 2030 praemia
686 1979 887 2030 proposuit
917 1977 1184 2027 militibusque
1209 1976 1362 2027 signum
1389 1975 1508 2014 dedit.

192 2043 253 2081 Illi
291 2044 421 2082 subito
459 2058 505 2082 ex
547 2044 731 2082 omnibus
771 2043 945 2093 partibus
984 2043 1235 2081 evolaverunt
1277 2053 1511 2090 murumque
1531 2055 1548 2085 3

130 2120 170 2149 30
188 2108 363 2147 celeriter
391 2110 696 2158 compleverunt.

243 2174 391 2210 Hostes
422 2186 462 2210 re
492 2185 593 2210 nova
625 2171 823 2221 perterriti,
861 2184 972 2210 muro
1011 2170 1257 2220 turribusque
1295 2169 1436 2208 deiecti
1471 2169 1508 2207 in
1529 2172 1579 2208 28

188 2239 274 2276 foro
292 2251 339 2276 ac
358 2237 454 2276 locis
474 2236 756 2287 patentioribus
777 2236 973 2275 cuneatim
1004 2235 1262 2274 constiterunt
1281 2235 1357 2273 hoc
1377 2233 1510 2272 animo

237 2351 249 2372 1
277 2353 320 2372 ex
334 2342 475 2372 Ciaccon.
492 2352 497 2372 :
525 2352 565 2372 ea
582 2350 616 2371 a:
641 2352 705 2371 om.
720 2342 741 2375 β
832 2351 873 2371 20
898 2340 1044 2371 derectis
1056 2335 1189 2370 MB‘U:
1214 2338 1411 2370 directisA:
1434 2348 1508 2377 per-

189 2385 286 2417 fectis
305 2385 334 2416 T
419 2394 460 2424 25
484 2390 581 2416 extra
594 2390 702 2415 castra
714 2384 830 2415 vineas
840 2382 899 2413 B':
925 2387 1021 2414 extra
1037 2383 1154 2414 vineas
1168 2381 1236 2413 A‘:
1261 2383 1349 2413 intra
1359 2382 1476 2412 vineas
1486 2383 1508 2415 β
